timestamp,price,volume,current_price
1749260848,2.00800000,234.00000000,2.007
1749260848,2.00700000,1926.80000000,2.007
1749260848,2.00600000,860.50000000,2.007
1749260848,2.00500000,2834.10000000,2.007
1749260848,2.00400000,3677.30000000,2.007
1749260848,2.00300000,333.60000000,2.007
1749260848,2.00200000,251.20000000,2.007
1749260848,2.00100000,3049.40000000,2.007
1749260848,2.00000000,708.10000000,2.007
1749260848,1.99900000,701.90000000,2.007
1749260848,1.99800000,1201.30000000,2.007
1749260848,1.99700000,419.60000000,2.007
1749260848,1.99600000,367.30000000,2.007
1749260848,1.99500000,628.90000000,2.007
1749260848,1.99300000,117.00000000,2.007
1749260848,1.99200000,753.90000000,2.007
1749260848,1.98700000,117.00000000,2.007
1749260848,1.98600000,138.20000000,2.007
1749260848,1.98500000,624.40000000,2.007
1749260848,1.98300000,117.00000000,2.007
1749260848,1.98200000,24.10000000,2.007
1749260848,1.98000000,117.00000000,2.007
1749260848,1.97900000,259.20000000,2.007
1749260848,1.97800000,182.00000000,2.007
1749260848,1.97700000,691.60000000,2.007
1749260848,1.97200000,259.70000000,2.007
1749260848,1.97100000,142.80000000,2.007
1749260848,1.97000000,2.60000000,2.007
1749260848,1.96800000,120.30000000,2.007
1749260848,1.96700000,133.80000000,2.007
1749260848,1.96600000,511.00000000,2.007
1749260848,1.96400000,2005.70000000,2.007
1749260848,1.96300000,50.90000000,2.007
1749260848,1.96100000,6.30000000,2.007
1749260848,1.96000000,3.60000000,2.007
1749260848,1.95800000,12.90000000,2.007
1749260848,1.95500000,8.30000000,2.007
1749260848,1.95000000,100.10000000,2.007
1749260848,1.94900000,4.40000000,2.007
1749260848,1.94800000,13.20000000,2.007
1749260848,1.94700000,3.10000000,2.007
1749260848,1.94600000,2.90000000,2.007
1749260848,1.93800000,13.60000000,2.007
1749260848,1.93600000,3.30000000,2.007
1749260848,1.93400000,3.60000000,2.007
1749260848,1.93000000,4.50000000,2.007
1749260848,1.92800000,14.70000000,2.007
1749260848,1.92600000,281.10000000,2.007
1749260848,1.92500000,519.40000000,2.007
1749260848,1.92100000,520.50000000,2.007
1749260848,1.92000000,6.00000000,2.007
1749260848,1.91800000,14.80000000,2.007
1749260848,1.91500000,522.10000000,2.007
1749260848,1.91300000,5.30000000,2.007
1749260848,1.91200000,4.50000000,2.007
1749260848,1.91100000,575.50000000,2.007
1749260848,1.91000000,19.70000000,2.007
1749260848,1.90800000,3.60000000,2.007
1749260848,1.90700000,162.50000000,2.007
1749260848,1.90400000,3.30000000,2.007
1749260848,1.90100000,148.10000000,2.007
1749260848,1.90000000,1480.10000000,2.007
1749260848,1.89400000,6.30000000,2.007
1749260848,1.89300000,4.50000000,2.007
1749260848,1.89200000,31.50000000,2.007
1749260848,1.89100000,13.00000000,2.007
1749260848,1.89000000,3.00000000,2.007
1749260848,1.88700000,4.80000000,2.007
1749260848,1.88500000,10.00000000,2.007
1749260848,1.88400000,6.30000000,2.007
1749260848,1.88200000,3.60000000,2.007
1749260848,1.88100000,11.30000000,2.007
1749260848,1.87800000,73.60000000,2.007
1749260848,1.87500000,4.60000000,2.007
1749260848,1.87200000,14.50000000,2.007
1749260848,1.87100000,8.00000000,2.007
1749260848,1.87000000,3.00000000,2.007
1749260848,1.86200000,11.50000000,2.007
1749260848,1.86000000,268.80000000,2.007
1749260848,1.85700000,13.40000000,2.007
1749260848,1.85600000,8.20000000,2.007
1749260848,1.85300000,264.70000000,2.007
1749260848,1.85100000,77.00000000,2.007
1749260848,1.85000000,376.80000000,2.007
1749260848,1.84300000,11.80000000,2.007
1749260848,1.84000000,3.30000000,2.007
1749260848,1.83800000,20.70000000,2.007
1749260848,1.83500000,66.00000000,2.007
1749260848,1.83400000,11.90000000,2.007
1749260848,1.83200000,10.90000000,2.007
1749260848,1.83000000,56.50000000,2.007
1749260848,1.82600000,18.60000000,2.007
1749260848,1.82500000,547.90000000,2.007
1749260848,1.82200000,3.10000000,2.007
1749260848,1.81900000,4.70000000,2.007
1749260848,1.81700000,11.90000000,2.007
1749260848,1.81200000,2.80000000,2.007
1749260848,1.81100000,8.00000000,2.007
1749260848,1.81000000,3.30000000,2.007
1749260848,1.80800000,14.90000000,2.007
1749261174,2.00800000,414.50000000,2.01
1749261174,2.00700000,1839.00000000,2.01
1749261174,2.00600000,4019.30000000,2.01
1749261174,2.00500000,613.60000000,2.01
1749261174,2.00400000,3312.20000000,2.01
1749261174,2.00300000,1109.10000000,2.01
1749261174,2.00200000,1051.10000000,2.01
1749261174,2.00100000,1366.90000000,2.01
1749261174,2.00000000,795.30000000,2.01
1749261174,1.99900000,214.60000000,2.01
1749261174,1.99800000,1463.50000000,2.01
1749261174,1.99700000,117.00000000,2.01
1749261174,1.99600000,367.30000000,2.01
1749261174,1.99500000,1118.10000000,2.01
1749261174,1.99400000,117.00000000,2.01
1749261174,1.99300000,356.80000000,2.01
1749261174,1.99200000,268.80000000,2.01
1749261174,1.99000000,622.80000000,2.01
1749261174,1.98700000,117.00000000,2.01
1749261174,1.98600000,138.20000000,2.01
1749261174,1.98500000,258.70000000,2.01
1749261174,1.98300000,670.10000000,2.01
1749261174,1.97800000,117.00000000,2.01
1749261174,1.97700000,271.20000000,2.01
1749261174,1.97600000,142.40000000,2.01
1749261174,1.97200000,117.00000000,2.01
1749261174,1.97000000,2125.30000000,2.01
1749261174,1.96800000,120.30000000,2.01
1749261174,1.96700000,133.80000000,2.01
1749261174,1.96300000,50.90000000,2.01
1749261174,1.96100000,6.30000000,2.01
1749261174,1.96000000,3.60000000,2.01
1749261174,1.95800000,12.90000000,2.01
1749261174,1.95500000,8.30000000,2.01
1749261174,1.95000000,100.10000000,2.01
1749261174,1.94900000,4.40000000,2.01
1749261174,1.94800000,13.20000000,2.01
1749261174,1.94700000,3.10000000,2.01
1749261174,1.94600000,2.90000000,2.01
1749261174,1.93800000,13.60000000,2.01
1749261174,1.93600000,3.30000000,2.01
1749261174,1.93400000,3.60000000,2.01
1749261174,1.93000000,515.50000000,2.01
1749261174,1.92800000,14.70000000,2.01
1749261174,1.92600000,281.10000000,2.01
1749261174,1.92500000,519.40000000,2.01
1749261174,1.92100000,520.50000000,2.01
1749261174,1.92000000,6.00000000,2.01
1749261174,1.91800000,14.80000000,2.01
1749261174,1.91500000,522.10000000,2.01
1749261174,1.91300000,5.30000000,2.01
1749261174,1.91200000,4.50000000,2.01
1749261174,1.91100000,575.50000000,2.01
1749261174,1.91000000,19.70000000,2.01
1749261174,1.90800000,3.60000000,2.01
1749261174,1.90700000,162.50000000,2.01
1749261174,1.90400000,3.30000000,2.01
1749261174,1.90100000,148.10000000,2.01
1749261174,1.90000000,1480.10000000,2.01
1749261174,1.89400000,6.30000000,2.01
1749261174,1.89300000,4.50000000,2.01
1749261174,1.89200000,31.50000000,2.01
1749261174,1.89100000,13.00000000,2.01
1749261174,1.89000000,3.00000000,2.01
1749261174,1.88700000,4.80000000,2.01
1749261174,1.88500000,10.00000000,2.01
1749261174,1.88400000,6.30000000,2.01
1749261174,1.88200000,3.60000000,2.01
1749261174,1.88100000,11.30000000,2.01
1749261174,1.87800000,73.60000000,2.01
1749261174,1.87500000,4.60000000,2.01
1749261174,1.87200000,14.50000000,2.01
1749261174,1.87100000,8.00000000,2.01
1749261174,1.87000000,3.00000000,2.01
1749261174,1.86200000,11.50000000,2.01
1749261174,1.86000000,268.80000000,2.01
1749261174,1.85700000,13.40000000,2.01
1749261174,1.85600000,8.20000000,2.01
1749261174,1.85300000,264.70000000,2.01
1749261174,1.85100000,77.00000000,2.01
1749261174,1.85000000,376.80000000,2.01
1749261174,1.84300000,11.80000000,2.01
1749261174,1.84000000,3.30000000,2.01
1749261174,1.83800000,20.70000000,2.01
1749261174,1.83500000,66.00000000,2.01
1749261174,1.83400000,11.90000000,2.01
1749261174,1.83200000,10.90000000,2.01
1749261174,1.83000000,56.50000000,2.01
1749261174,1.82600000,18.60000000,2.01
1749261174,1.82500000,547.90000000,2.01
1749261174,1.82200000,3.10000000,2.01
1749261174,1.81900000,4.70000000,2.01
1749261174,1.81700000,11.90000000,2.01
1749261174,1.81200000,2.80000000,2.01
1749261174,1.81100000,8.00000000,2.01
1749261174,1.81000000,3.30000000,2.01
1749261174,1.80800000,14.90000000,2.01
1749261174,1.80700000,6.30000000,2.01
1749261174,1.80500000,12.40000000,2.01
1749261174,1.80400000,3.60000000,2.01
1749261489,2.00900000,117.00000000,2.009
1749261489,2.00800000,1181.10000000,2.009
1749261489,2.00700000,2955.60000000,2.009
1749261489,2.00600000,1069.80000000,2.009
1749261489,2.00500000,2126.70000000,2.009
1749261489,2.00400000,2037.90000000,2.009
1749261489,2.00300000,958.20000000,2.009
1749261489,2.00200000,494.30000000,2.009
1749261489,2.00100000,751.10000000,2.009
1749261489,2.00000000,3420.80000000,2.009
1749261489,1.99900000,214.60000000,2.009
1749261489,1.99800000,1210.30000000,2.009
1749261489,1.99700000,117.00000000,2.009
1749261489,1.99600000,367.30000000,2.009
1749261489,1.99500000,1118.10000000,2.009
1749261489,1.99300000,117.00000000,2.009
1749261489,1.99200000,268.80000000,2.009
1749261489,1.99000000,622.80000000,2.009
1749261489,1.98700000,117.00000000,2.009
1749261489,1.98600000,162.30000000,2.009
1749261489,1.98500000,258.70000000,2.009
1749261489,1.98300000,670.10000000,2.009
1749261489,1.97800000,117.00000000,2.009
1749261489,1.97700000,128.90000000,2.009
1749261489,1.97300000,142.60000000,2.009
1749261489,1.97200000,117.00000000,2.009
1749261489,1.97100000,142.80000000,2.009
1749261489,1.97000000,119.60000000,2.009
1749261489,1.96800000,2637.00000000,2.009
1749261489,1.96700000,133.80000000,2.009
1749261489,1.96300000,167.90000000,2.009
1749261489,1.96100000,6.30000000,2.009
1749261489,1.96000000,3.60000000,2.009
1749261489,1.95800000,12.90000000,2.009
1749261489,1.95500000,8.30000000,2.009
1749261489,1.95000000,100.10000000,2.009
1749261489,1.94900000,4.40000000,2.009
1749261489,1.94800000,13.20000000,2.009
1749261489,1.94700000,3.10000000,2.009
1749261489,1.94600000,2.90000000,2.009
1749261489,1.93800000,13.60000000,2.009
1749261489,1.93600000,3.30000000,2.009
1749261489,1.93400000,3.60000000,2.009
1749261489,1.93000000,4.50000000,2.009
1749261489,1.92800000,14.70000000,2.009
1749261489,1.92600000,281.10000000,2.009
1749261489,1.92500000,519.40000000,2.009
1749261489,1.92100000,520.50000000,2.009
1749261489,1.92000000,6.00000000,2.009
1749261489,1.91800000,14.80000000,2.009
1749261489,1.91500000,522.10000000,2.009
1749261489,1.91300000,5.30000000,2.009
1749261489,1.91200000,4.50000000,2.009
1749261489,1.91100000,575.50000000,2.009
1749261489,1.91000000,19.70000000,2.009
1749261489,1.90800000,3.60000000,2.009
1749261489,1.90700000,162.50000000,2.009
1749261489,1.90400000,3.30000000,2.009
1749261489,1.90100000,148.10000000,2.009
1749261489,1.90000000,1480.10000000,2.009
1749261489,1.89400000,6.30000000,2.009
1749261489,1.89300000,4.50000000,2.009
1749261489,1.89200000,31.50000000,2.009
1749261489,1.89100000,13.00000000,2.009
1749261489,1.89000000,3.00000000,2.009
1749261489,1.88700000,4.80000000,2.009
1749261489,1.88500000,10.00000000,2.009
1749261489,1.88400000,6.30000000,2.009
1749261489,1.88200000,3.60000000,2.009
1749261489,1.88100000,11.30000000,2.009
1749261489,1.87800000,73.60000000,2.009
1749261489,1.87500000,4.60000000,2.009
1749261489,1.87200000,14.50000000,2.009
1749261489,1.87100000,8.00000000,2.009
1749261489,1.87000000,3.00000000,2.009
1749261489,1.86200000,11.50000000,2.009
1749261489,1.86000000,268.80000000,2.009
1749261489,1.85700000,13.40000000,2.009
1749261489,1.85600000,8.20000000,2.009
1749261489,1.85300000,264.70000000,2.009
1749261489,1.85100000,77.00000000,2.009
1749261489,1.85000000,376.80000000,2.009
1749261489,1.84300000,11.80000000,2.009
1749261489,1.84000000,3.30000000,2.009
1749261489,1.83800000,20.70000000,2.009
1749261489,1.83500000,66.00000000,2.009
1749261489,1.83400000,11.90000000,2.009
1749261489,1.83200000,10.90000000,2.009
1749261489,1.83000000,56.50000000,2.009
1749261489,1.82600000,18.60000000,2.009
1749261489,1.82500000,547.90000000,2.009
1749261489,1.82200000,3.10000000,2.009
1749261489,1.81900000,4.70000000,2.009
1749261489,1.81700000,11.90000000,2.009
1749261489,1.81200000,2.80000000,2.009
1749261489,1.81100000,8.00000000,2.009
1749261489,1.81000000,3.30000000,2.009
1749261489,1.80800000,14.90000000,2.009
1749261489,1.80700000,6.30000000,2.009
1749261489,1.80600000,12.40000000,2.009
1749261799,2.00300000,406.00000000,2.005
1749261799,2.00200000,2476.60000000,2.005
1749261799,2.00100000,5407.50000000,2.005
1749261799,2.00000000,1694.20000000,2.005
1749261799,1.99900000,1995.80000000,2.005
1749261799,1.99800000,1306.00000000,2.005
1749261799,1.99700000,566.40000000,2.005
1749261799,1.99600000,718.10000000,2.005
1749261799,1.99500000,221.30000000,2.005
1749261799,1.99400000,301.20000000,2.005
1749261799,1.99300000,117.00000000,2.005
1749261799,1.99200000,1061.00000000,2.005
1749261799,1.99100000,117.00000000,2.005
1749261799,1.99000000,830.80000000,2.005
1749261799,1.98700000,117.00000000,2.005
1749261799,1.98600000,162.30000000,2.005
1749261799,1.98100000,117.00000000,2.005
1749261799,1.98000000,207.00000000,2.005
1749261799,1.97800000,117.00000000,2.005
1749261799,1.97700000,690.60000000,2.005
1749261799,1.97300000,142.60000000,2.005
1749261799,1.97200000,117.00000000,2.005
1749261799,1.97100000,142.80000000,2.005
1749261799,1.97000000,119.60000000,2.005
1749261799,1.96800000,2126.00000000,2.005
1749261799,1.96700000,133.80000000,2.005
1749261799,1.96600000,117.00000000,2.005
1749261799,1.96300000,167.90000000,2.005
1749261799,1.96100000,6.30000000,2.005
1749261799,1.96000000,3.60000000,2.005
1749261799,1.95800000,129.90000000,2.005
1749261799,1.95500000,8.30000000,2.005
1749261799,1.95000000,100.10000000,2.005
1749261799,1.94900000,4.40000000,2.005
1749261799,1.94800000,13.20000000,2.005
1749261799,1.94700000,3.10000000,2.005
1749261799,1.94600000,2.90000000,2.005
1749261799,1.93800000,13.60000000,2.005
1749261799,1.93600000,3.30000000,2.005
1749261799,1.93400000,3.60000000,2.005
1749261799,1.93000000,4.50000000,2.005
1749261799,1.92800000,14.70000000,2.005
1749261799,1.92700000,511.00000000,2.005
1749261799,1.92600000,281.10000000,2.005
1749261799,1.92500000,519.40000000,2.005
1749261799,1.92100000,520.50000000,2.005
1749261799,1.92000000,6.00000000,2.005
1749261799,1.91800000,14.80000000,2.005
1749261799,1.91500000,522.10000000,2.005
1749261799,1.91400000,5.30000000,2.005
1749261799,1.91200000,4.50000000,2.005
1749261799,1.91100000,575.50000000,2.005
1749261799,1.91000000,19.70000000,2.005
1749261799,1.90800000,3.60000000,2.005
1749261799,1.90700000,162.50000000,2.005
1749261799,1.90400000,3.30000000,2.005
1749261799,1.90100000,148.10000000,2.005
1749261799,1.90000000,1480.10000000,2.005
1749261799,1.89400000,6.30000000,2.005
1749261799,1.89300000,4.50000000,2.005
1749261799,1.89200000,31.50000000,2.005
1749261799,1.89100000,13.00000000,2.005
1749261799,1.89000000,3.00000000,2.005
1749261799,1.88700000,4.80000000,2.005
1749261799,1.88500000,10.00000000,2.005
1749261799,1.88400000,6.30000000,2.005
1749261799,1.88200000,3.60000000,2.005
1749261799,1.88100000,11.30000000,2.005
1749261799,1.87800000,73.60000000,2.005
1749261799,1.87500000,4.60000000,2.005
1749261799,1.87200000,14.50000000,2.005
1749261799,1.87100000,8.00000000,2.005
1749261799,1.87000000,3.00000000,2.005
1749261799,1.86200000,11.50000000,2.005
1749261799,1.86000000,268.80000000,2.005
1749261799,1.85700000,13.40000000,2.005
1749261799,1.85600000,8.20000000,2.005
1749261799,1.85300000,264.70000000,2.005
1749261799,1.85100000,77.00000000,2.005
1749261799,1.85000000,376.80000000,2.005
1749261799,1.84300000,11.80000000,2.005
1749261799,1.84000000,3.30000000,2.005
1749261799,1.83800000,20.70000000,2.005
1749261799,1.83500000,66.00000000,2.005
1749261799,1.83400000,11.90000000,2.005
1749261799,1.83200000,10.90000000,2.005
1749261799,1.83000000,56.50000000,2.005
1749261799,1.82600000,18.60000000,2.005
1749261799,1.82500000,547.90000000,2.005
1749261799,1.82200000,3.10000000,2.005
1749261799,1.81900000,4.70000000,2.005
1749261799,1.81700000,11.90000000,2.005
1749261799,1.81200000,2.80000000,2.005
1749261799,1.81100000,8.00000000,2.005
1749261799,1.81000000,3.30000000,2.005
1749261799,1.80800000,14.90000000,2.005
1749261799,1.80700000,6.30000000,2.005
1749261799,1.80400000,16.00000000,2.005
1749261799,1.80100000,7.60000000,2.005
1749261799,1.80000000,751.50000000,2.005
1749262101,2.00300000,444.70000000,2.004
1749262101,2.00200000,1901.70000000,2.004
1749262101,2.00100000,3352.20000000,2.004
1749262101,2.00000000,2413.60000000,2.004
1749262101,1.99900000,1649.70000000,2.004
1749262101,1.99800000,1306.00000000,2.004
1749262101,1.99700000,449.50000000,2.004
1749262101,1.99600000,769.30000000,2.004
1749262101,1.99500000,2228.40000000,2.004
1749262101,1.99400000,816.70000000,2.004
1749262101,1.99300000,117.00000000,2.004
1749262101,1.99200000,424.60000000,2.004
1749262101,1.99100000,602.00000000,2.004
1749262101,1.99000000,947.80000000,2.004
1749262101,1.98700000,117.00000000,2.004
1749262101,1.98600000,138.20000000,2.004
1749262101,1.98100000,141.80000000,2.004
1749262101,1.98000000,259.10000000,2.004
1749262101,1.97800000,117.00000000,2.004
1749262101,1.97700000,690.60000000,2.004
1749262101,1.97200000,117.00000000,2.004
1749262101,1.97100000,142.80000000,2.004
1749262101,1.97000000,119.60000000,2.004
1749262101,1.96800000,263.30000000,2.004
1749262101,1.96700000,133.80000000,2.004
1749262101,1.96600000,117.00000000,2.004
1749262101,1.96300000,167.90000000,2.004
1749262101,1.96200000,2516.70000000,2.004
1749262101,1.96100000,6.30000000,2.004
1749262101,1.96000000,3.60000000,2.004
1749262101,1.95800000,129.90000000,2.004
1749262101,1.95500000,8.30000000,2.004
1749262101,1.95000000,100.10000000,2.004
1749262101,1.94900000,4.40000000,2.004
1749262101,1.94800000,13.20000000,2.004
1749262101,1.94700000,3.10000000,2.004
1749262101,1.94600000,2.90000000,2.004
1749262101,1.93800000,13.60000000,2.004
1749262101,1.93600000,3.30000000,2.004
1749262101,1.93400000,3.60000000,2.004
1749262101,1.93000000,4.50000000,2.004
1749262101,1.92800000,14.70000000,2.004
1749262101,1.92600000,281.10000000,2.004
1749262101,1.92500000,519.40000000,2.004
1749262101,1.92100000,520.50000000,2.004
1749262101,1.92000000,6.00000000,2.004
1749262101,1.91800000,14.80000000,2.004
1749262101,1.91500000,522.10000000,2.004
1749262101,1.91400000,5.30000000,2.004
1749262101,1.91200000,4.50000000,2.004
1749262101,1.91100000,575.50000000,2.004
1749262101,1.91000000,19.70000000,2.004
1749262101,1.90800000,3.60000000,2.004
1749262101,1.90700000,162.50000000,2.004
1749262101,1.90400000,3.30000000,2.004
1749262101,1.90100000,148.10000000,2.004
1749262101,1.90000000,1480.10000000,2.004
1749262101,1.89400000,6.30000000,2.004
1749262101,1.89300000,4.50000000,2.004
1749262101,1.89200000,31.50000000,2.004
1749262101,1.89100000,13.00000000,2.004
1749262101,1.89000000,3.00000000,2.004
1749262101,1.88700000,4.80000000,2.004
1749262101,1.88500000,10.00000000,2.004
1749262101,1.88400000,6.30000000,2.004
1749262101,1.88200000,3.60000000,2.004
1749262101,1.88100000,11.30000000,2.004
1749262101,1.87800000,73.60000000,2.004
1749262101,1.87500000,4.60000000,2.004
1749262101,1.87200000,14.50000000,2.004
1749262101,1.87100000,8.00000000,2.004
1749262101,1.87000000,3.00000000,2.004
1749262101,1.86200000,11.50000000,2.004
1749262101,1.86000000,268.80000000,2.004
1749262101,1.85700000,13.40000000,2.004
1749262101,1.85600000,8.20000000,2.004
1749262101,1.85300000,264.70000000,2.004
1749262101,1.85100000,77.00000000,2.004
1749262101,1.85000000,376.80000000,2.004
1749262101,1.84300000,11.80000000,2.004
1749262101,1.84000000,3.30000000,2.004
1749262101,1.83800000,20.70000000,2.004
1749262101,1.83500000,66.00000000,2.004
1749262101,1.83400000,11.90000000,2.004
1749262101,1.83200000,10.90000000,2.004
1749262101,1.83000000,56.50000000,2.004
1749262101,1.82600000,18.60000000,2.004
1749262101,1.82500000,547.90000000,2.004
1749262101,1.82200000,3.10000000,2.004
1749262101,1.81900000,4.70000000,2.004
1749262101,1.81700000,11.90000000,2.004
1749262101,1.81200000,2.80000000,2.004
1749262101,1.81100000,8.00000000,2.004
1749262101,1.81000000,3.30000000,2.004
1749262101,1.80800000,14.90000000,2.004
1749262101,1.80700000,6.30000000,2.004
1749262101,1.80400000,16.00000000,2.004
1749262101,1.80100000,7.60000000,2.004
1749262101,1.80000000,751.50000000,2.004
1749262101,1.79800000,12.10000000,2.004
1749262403,2.00900000,234.00000000,2.008
1749262403,2.00800000,1559.30000000,2.008
1749262403,2.00700000,270.90000000,2.008
1749262403,2.00600000,1394.70000000,2.008
1749262403,2.00500000,2769.20000000,2.008
1749262403,2.00400000,1516.80000000,2.008
1749262403,2.00300000,1609.40000000,2.008
1749262403,2.00200000,1248.40000000,2.008
1749262403,2.00100000,777.80000000,2.008
1749262403,2.00000000,1400.30000000,2.008
1749262403,1.99900000,2332.90000000,2.008
1749262403,1.99800000,1301.30000000,2.008
1749262403,1.99700000,223.10000000,2.008
1749262403,1.99600000,367.30000000,2.008
1749262403,1.99500000,631.10000000,2.008
1749262403,1.99400000,272.50000000,2.008
1749262403,1.99200000,117.00000000,2.008
1749262403,1.99100000,602.00000000,2.008
1749262403,1.99000000,739.80000000,2.008
1749262403,1.98700000,117.00000000,2.008
1749262403,1.98600000,138.20000000,2.008
1749262403,1.98400000,141.80000000,2.008
1749262403,1.98100000,141.80000000,2.008
1749262403,1.97800000,259.30000000,2.008
1749262403,1.97700000,690.60000000,2.008
1749262403,1.97200000,117.00000000,2.008
1749262403,1.97100000,259.80000000,2.008
1749262403,1.97000000,2.60000000,2.008
1749262403,1.96900000,2005.70000000,2.008
1749262403,1.96800000,3.30000000,2.008
1749262403,1.96700000,16.80000000,2.008
1749262403,1.96600000,628.00000000,2.008
1749262403,1.96300000,167.90000000,2.008
1749262403,1.96100000,6.30000000,2.008
1749262403,1.96000000,3.60000000,2.008
1749262403,1.95800000,12.90000000,2.008
1749262403,1.95500000,8.30000000,2.008
1749262403,1.95000000,100.10000000,2.008
1749262403,1.94900000,4.40000000,2.008
1749262403,1.94800000,13.20000000,2.008
1749262403,1.94700000,3.10000000,2.008
1749262403,1.94600000,2.90000000,2.008
1749262403,1.93800000,13.60000000,2.008
1749262403,1.93600000,3.30000000,2.008
1749262403,1.93400000,3.60000000,2.008
1749262403,1.93000000,4.50000000,2.008
1749262403,1.92800000,14.70000000,2.008
1749262403,1.92600000,281.10000000,2.008
1749262403,1.92500000,519.40000000,2.008
1749262403,1.92100000,520.50000000,2.008
1749262403,1.92000000,6.00000000,2.008
1749262403,1.91800000,14.80000000,2.008
1749262403,1.91500000,522.10000000,2.008
1749262403,1.91400000,5.30000000,2.008
1749262403,1.91200000,4.50000000,2.008
1749262403,1.91100000,575.50000000,2.008
1749262403,1.91000000,19.70000000,2.008
1749262403,1.90800000,3.60000000,2.008
1749262403,1.90700000,162.50000000,2.008
1749262403,1.90400000,3.30000000,2.008
1749262403,1.90100000,148.10000000,2.008
1749262403,1.90000000,1480.10000000,2.008
1749262403,1.89400000,6.30000000,2.008
1749262403,1.89300000,4.50000000,2.008
1749262403,1.89200000,31.50000000,2.008
1749262403,1.89100000,13.00000000,2.008
1749262403,1.89000000,3.00000000,2.008
1749262403,1.88700000,4.80000000,2.008
1749262403,1.88500000,10.00000000,2.008
1749262403,1.88400000,6.30000000,2.008
1749262403,1.88200000,3.60000000,2.008
1749262403,1.88100000,11.30000000,2.008
1749262403,1.87800000,73.60000000,2.008
1749262403,1.87500000,4.60000000,2.008
1749262403,1.87200000,14.50000000,2.008
1749262403,1.87100000,8.00000000,2.008
1749262403,1.87000000,3.00000000,2.008
1749262403,1.86200000,11.50000000,2.008
1749262403,1.86000000,268.80000000,2.008
1749262403,1.85700000,13.40000000,2.008
1749262403,1.85600000,8.20000000,2.008
1749262403,1.85300000,264.70000000,2.008
1749262403,1.85100000,77.00000000,2.008
1749262403,1.85000000,376.80000000,2.008
1749262403,1.84300000,11.80000000,2.008
1749262403,1.84000000,3.30000000,2.008
1749262403,1.83800000,20.70000000,2.008
1749262403,1.83500000,66.00000000,2.008
1749262403,1.83400000,11.90000000,2.008
1749262403,1.83200000,10.90000000,2.008
1749262403,1.83000000,56.50000000,2.008
1749262403,1.82600000,18.60000000,2.008
1749262403,1.82500000,547.90000000,2.008
1749262403,1.82200000,3.10000000,2.008
1749262403,1.81900000,4.70000000,2.008
1749262403,1.81700000,11.90000000,2.008
1749262403,1.81200000,2.80000000,2.008
1749262403,1.81100000,8.00000000,2.008
1749262403,1.81000000,3.30000000,2.008
1749262403,1.80800000,14.90000000,2.008
1749262708,2.01200000,234.00000000,2.012
1749262708,2.01100000,815.40000000,2.012
1749262708,2.01000000,2185.40000000,2.012
1749262708,2.00900000,3147.60000000,2.012
1749262708,2.00800000,945.60000000,2.012
1749262708,2.00700000,3230.60000000,2.012
1749262708,2.00600000,1438.90000000,2.012
1749262708,2.00500000,690.20000000,2.012
1749262708,2.00400000,726.10000000,2.012
1749262708,2.00300000,1050.20000000,2.012
1749262708,2.00200000,1397.40000000,2.012
1749262708,2.00100000,117.00000000,2.012
1749262708,2.00000000,1155.80000000,2.012
1749262708,1.99900000,627.30000000,2.012
1749262708,1.99800000,1002.60000000,2.012
1749262708,1.99700000,762.30000000,2.012
1749262708,1.99600000,851.10000000,2.012
1749262708,1.99500000,117.00000000,2.012
1749262708,1.99400000,272.50000000,2.012
1749262708,1.99000000,117.00000000,2.012
1749262708,1.98900000,141.50000000,2.012
1749262708,1.98700000,117.00000000,2.012
1749262708,1.98600000,202.90000000,2.012
1749262708,1.98500000,117.00000000,2.012
1749262708,1.98300000,561.90000000,2.012
1749262708,1.98200000,142.00000000,2.012
1749262708,1.97700000,11.90000000,2.012
1749262708,1.97500000,142.50000000,2.012
1749262708,1.97000000,2.60000000,2.012
1749262708,1.96900000,2005.70000000,2.012
1749262708,1.96800000,3.30000000,2.012
1749262708,1.96700000,16.80000000,2.012
1749262708,1.96300000,50.90000000,2.012
1749262708,1.96100000,6.30000000,2.012
1749262708,1.96000000,3.60000000,2.012
1749262708,1.95800000,12.90000000,2.012
1749262708,1.95500000,8.30000000,2.012
1749262708,1.95000000,100.10000000,2.012
1749262708,1.94900000,4.40000000,2.012
1749262708,1.94800000,13.20000000,2.012
1749262708,1.94700000,3.10000000,2.012
1749262708,1.94600000,2.90000000,2.012
1749262708,1.93800000,13.60000000,2.012
1749262708,1.93600000,3.30000000,2.012
1749262708,1.93400000,3.60000000,2.012
1749262708,1.93300000,511.00000000,2.012
1749262708,1.93000000,4.50000000,2.012
1749262708,1.92800000,14.70000000,2.012
1749262708,1.92600000,281.10000000,2.012
1749262708,1.92500000,519.40000000,2.012
1749262708,1.92100000,520.50000000,2.012
1749262708,1.92000000,6.00000000,2.012
1749262708,1.91800000,14.80000000,2.012
1749262708,1.91600000,5.30000000,2.012
1749262708,1.91500000,522.10000000,2.012
1749262708,1.91200000,4.50000000,2.012
1749262708,1.91100000,575.50000000,2.012
1749262708,1.91000000,19.70000000,2.012
1749262708,1.90800000,3.60000000,2.012
1749262708,1.90700000,162.50000000,2.012
1749262708,1.90400000,3.30000000,2.012
1749262708,1.90100000,148.10000000,2.012
1749262708,1.90000000,1480.10000000,2.012
1749262708,1.89400000,6.30000000,2.012
1749262708,1.89300000,4.50000000,2.012
1749262708,1.89200000,31.50000000,2.012
1749262708,1.89100000,13.00000000,2.012
1749262708,1.89000000,3.00000000,2.012
1749262708,1.88700000,4.80000000,2.012
1749262708,1.88500000,10.00000000,2.012
1749262708,1.88400000,6.30000000,2.012
1749262708,1.88200000,3.60000000,2.012
1749262708,1.88100000,11.30000000,2.012
1749262708,1.87800000,73.60000000,2.012
1749262708,1.87500000,4.60000000,2.012
1749262708,1.87200000,14.50000000,2.012
1749262708,1.87100000,8.00000000,2.012
1749262708,1.87000000,3.00000000,2.012
1749262708,1.86200000,11.50000000,2.012
1749262708,1.86000000,268.80000000,2.012
1749262708,1.85700000,13.40000000,2.012
1749262708,1.85600000,8.20000000,2.012
1749262708,1.85300000,264.70000000,2.012
1749262708,1.85100000,77.00000000,2.012
1749262708,1.85000000,376.80000000,2.012
1749262708,1.84300000,11.80000000,2.012
1749262708,1.84000000,3.30000000,2.012
1749262708,1.83800000,20.70000000,2.012
1749262708,1.83500000,66.00000000,2.012
1749262708,1.83400000,11.90000000,2.012
1749262708,1.83200000,10.90000000,2.012
1749262708,1.83000000,56.50000000,2.012
1749262708,1.82600000,18.60000000,2.012
1749262708,1.82500000,547.90000000,2.012
1749262708,1.82200000,3.10000000,2.012
1749262708,1.81900000,4.70000000,2.012
1749262708,1.81700000,11.90000000,2.012
1749262708,1.81200000,2.80000000,2.012
1749262708,1.81100000,8.00000000,2.012
1749262708,1.81000000,3.30000000,2.012
1749263016,2.01300000,234.00000000,2.012
1749263016,2.01200000,1298.10000000,2.012
1749263016,2.01100000,3125.30000000,2.012
1749263016,2.01000000,1719.00000000,2.012
1749263016,2.00900000,1883.60000000,2.012
1749263016,2.00800000,951.10000000,2.012
1749263016,2.00700000,1791.80000000,2.012
1749263016,2.00600000,1056.50000000,2.012
1749263016,2.00500000,617.90000000,2.012
1749263016,2.00400000,726.10000000,2.012
1749263016,2.00300000,563.30000000,2.012
1749263016,2.00200000,2414.40000000,2.012
1749263016,2.00100000,604.40000000,2.012
1749263016,2.00000000,1155.80000000,2.012
1749263016,1.99900000,627.30000000,2.012
1749263016,1.99800000,1002.60000000,2.012
1749263016,1.99700000,141.60000000,2.012
1749263016,1.99600000,851.10000000,2.012
1749263016,1.99500000,117.00000000,2.012
1749263016,1.99400000,272.50000000,2.012
1749263016,1.99200000,622.20000000,2.012
1749263016,1.99000000,117.00000000,2.012
1749263016,1.98900000,258.50000000,2.012
1749263016,1.98700000,181.70000000,2.012
1749263016,1.98600000,138.20000000,2.012
1749263016,1.98300000,561.90000000,2.012
1749263016,1.98200000,142.00000000,2.012
1749263016,1.97700000,11.90000000,2.012
1749263016,1.97500000,142.50000000,2.012
1749263016,1.97300000,2005.70000000,2.012
1749263016,1.97000000,2.60000000,2.012
1749263016,1.96800000,3.30000000,2.012
1749263016,1.96700000,16.80000000,2.012
1749263016,1.96300000,50.90000000,2.012
1749263016,1.96100000,6.30000000,2.012
1749263016,1.96000000,3.60000000,2.012
1749263016,1.95800000,12.90000000,2.012
1749263016,1.95500000,8.30000000,2.012
1749263016,1.95000000,100.10000000,2.012
1749263016,1.94900000,4.40000000,2.012
1749263016,1.94800000,13.20000000,2.012
1749263016,1.94700000,3.10000000,2.012
1749263016,1.94600000,2.90000000,2.012
1749263016,1.93800000,13.60000000,2.012
1749263016,1.93600000,3.30000000,2.012
1749263016,1.93400000,3.60000000,2.012
1749263016,1.93300000,511.00000000,2.012
1749263016,1.93000000,4.50000000,2.012
1749263016,1.92800000,14.70000000,2.012
1749263016,1.92600000,281.10000000,2.012
1749263016,1.92500000,519.40000000,2.012
1749263016,1.92100000,520.50000000,2.012
1749263016,1.92000000,6.00000000,2.012
1749263016,1.91800000,14.80000000,2.012
1749263016,1.91600000,5.30000000,2.012
1749263016,1.91500000,522.10000000,2.012
1749263016,1.91200000,4.50000000,2.012
1749263016,1.91100000,575.50000000,2.012
1749263016,1.91000000,19.70000000,2.012
1749263016,1.90800000,3.60000000,2.012
1749263016,1.90700000,162.50000000,2.012
1749263016,1.90400000,3.30000000,2.012
1749263016,1.90100000,148.10000000,2.012
1749263016,1.90000000,1480.10000000,2.012
1749263016,1.89400000,6.30000000,2.012
1749263016,1.89300000,4.50000000,2.012
1749263016,1.89200000,31.50000000,2.012
1749263016,1.89100000,13.00000000,2.012
1749263016,1.89000000,3.00000000,2.012
1749263016,1.88700000,4.80000000,2.012
1749263016,1.88500000,10.00000000,2.012
1749263016,1.88400000,6.30000000,2.012
1749263016,1.88200000,3.60000000,2.012
1749263016,1.88100000,11.30000000,2.012
1749263016,1.87800000,73.60000000,2.012
1749263016,1.87500000,4.60000000,2.012
1749263016,1.87200000,14.50000000,2.012
1749263016,1.87100000,8.00000000,2.012
1749263016,1.87000000,3.00000000,2.012
1749263016,1.86200000,11.50000000,2.012
1749263016,1.86000000,268.80000000,2.012
1749263016,1.85700000,13.40000000,2.012
1749263016,1.85600000,8.20000000,2.012
1749263016,1.85300000,264.70000000,2.012
1749263016,1.85100000,77.00000000,2.012
1749263016,1.85000000,376.80000000,2.012
1749263016,1.84300000,11.80000000,2.012
1749263016,1.84000000,3.30000000,2.012
1749263016,1.83800000,20.70000000,2.012
1749263016,1.83500000,66.00000000,2.012
1749263016,1.83400000,11.90000000,2.012
1749263016,1.83200000,10.90000000,2.012
1749263016,1.83000000,56.50000000,2.012
1749263016,1.82600000,18.60000000,2.012
1749263016,1.82500000,547.90000000,2.012
1749263016,1.82200000,3.10000000,2.012
1749263016,1.81900000,4.70000000,2.012
1749263016,1.81700000,11.90000000,2.012
1749263016,1.81200000,2.80000000,2.012
1749263016,1.81100000,8.00000000,2.012
1749263324,2.01300000,234.00000000,2.011
1749263324,2.01200000,2927.70000000,2.011
1749263324,2.01100000,2105.50000000,2.011
1749263324,2.01000000,573.30000000,2.011
1749263324,2.00900000,1720.90000000,2.011
1749263324,2.00800000,1437.70000000,2.011
1749263324,2.00700000,290.70000000,2.011
1749263324,2.00600000,1575.30000000,2.011
1749263324,2.00500000,789.50000000,2.011
1749263324,2.00400000,215.40000000,2.011
1749263324,2.00300000,2934.60000000,2.011
1749263324,2.00200000,220.90000000,2.011
1749263324,2.00100000,369.80000000,2.011
1749263324,2.00000000,623.90000000,2.011
1749263324,1.99900000,326.70000000,2.011
1749263324,1.99800000,421.00000000,2.011
1749263324,1.99700000,117.00000000,2.011
1749263324,1.99600000,851.10000000,2.011
1749263324,1.99500000,117.00000000,2.011
1749263324,1.99400000,272.50000000,2.011
1749263324,1.99200000,622.20000000,2.011
1749263324,1.99000000,117.00000000,2.011
1749263324,1.98900000,258.50000000,2.011
1749263324,1.98800000,64.70000000,2.011
1749263324,1.98700000,141.80000000,2.011
1749263324,1.98600000,21.20000000,2.011
1749263324,1.98500000,117.00000000,2.011
1749263324,1.98300000,678.90000000,2.011
1749263324,1.98100000,142.00000000,2.011
1749263324,1.97700000,11.90000000,2.011
1749263324,1.97500000,142.50000000,2.011
1749263324,1.97300000,2005.70000000,2.011
1749263324,1.97000000,2.60000000,2.011
1749263324,1.96800000,3.30000000,2.011
1749263324,1.96700000,16.80000000,2.011
1749263324,1.96300000,50.90000000,2.011
1749263324,1.96100000,6.30000000,2.011
1749263324,1.96000000,3.60000000,2.011
1749263324,1.95800000,12.90000000,2.011
1749263324,1.95500000,8.30000000,2.011
1749263324,1.95000000,100.10000000,2.011
1749263324,1.94900000,4.40000000,2.011
1749263324,1.94800000,13.20000000,2.011
1749263324,1.94700000,3.10000000,2.011
1749263324,1.94600000,2.90000000,2.011
1749263324,1.93800000,13.60000000,2.011
1749263324,1.93600000,3.30000000,2.011
1749263324,1.93400000,3.60000000,2.011
1749263324,1.93000000,4.50000000,2.011
1749263324,1.92800000,14.70000000,2.011
1749263324,1.92600000,281.10000000,2.011
1749263324,1.92500000,519.40000000,2.011
1749263324,1.92100000,520.50000000,2.011
1749263324,1.92000000,6.00000000,2.011
1749263324,1.91800000,14.80000000,2.011
1749263324,1.91600000,5.30000000,2.011
1749263324,1.91500000,522.10000000,2.011
1749263324,1.91200000,4.50000000,2.011
1749263324,1.91100000,575.50000000,2.011
1749263324,1.91000000,19.70000000,2.011
1749263324,1.90800000,3.60000000,2.011
1749263324,1.90700000,162.50000000,2.011
1749263324,1.90400000,3.30000000,2.011
1749263324,1.90100000,148.10000000,2.011
1749263324,1.90000000,1480.10000000,2.011
1749263324,1.89400000,6.30000000,2.011
1749263324,1.89300000,4.50000000,2.011
1749263324,1.89200000,31.50000000,2.011
1749263324,1.89100000,13.00000000,2.011
1749263324,1.89000000,3.00000000,2.011
1749263324,1.88700000,4.80000000,2.011
1749263324,1.88500000,10.00000000,2.011
1749263324,1.88400000,6.30000000,2.011
1749263324,1.88200000,3.60000000,2.011
1749263324,1.88100000,11.30000000,2.011
1749263324,1.87800000,73.60000000,2.011
1749263324,1.87500000,4.60000000,2.011
1749263324,1.87200000,14.50000000,2.011
1749263324,1.87100000,8.00000000,2.011
1749263324,1.87000000,3.00000000,2.011
1749263324,1.86200000,11.50000000,2.011
1749263324,1.86000000,268.80000000,2.011
1749263324,1.85700000,13.40000000,2.011
1749263324,1.85600000,8.20000000,2.011
1749263324,1.85300000,264.70000000,2.011
1749263324,1.85100000,77.00000000,2.011
1749263324,1.85000000,376.80000000,2.011
1749263324,1.84300000,11.80000000,2.011
1749263324,1.84000000,3.30000000,2.011
1749263324,1.83800000,20.70000000,2.011
1749263324,1.83500000,66.00000000,2.011
1749263324,1.83400000,11.90000000,2.011
1749263324,1.83200000,10.90000000,2.011
1749263324,1.83000000,56.50000000,2.011
1749263324,1.82600000,18.60000000,2.011
1749263324,1.82500000,547.90000000,2.011
1749263324,1.82200000,3.10000000,2.011
1749263324,1.81900000,4.70000000,2.011
1749263324,1.81700000,11.90000000,2.011
1749263324,1.81200000,2.80000000,2.011
1749263626,2.01000000,319.00000000,2.011
1749263626,2.00900000,3865.00000000,2.011
1749263626,2.00800000,2182.30000000,2.011
1749263626,2.00700000,1698.90000000,2.011
1749263626,2.00600000,1044.10000000,2.011
1749263626,2.00500000,951.30000000,2.011
1749263626,2.00400000,1173.40000000,2.011
1749263626,2.00300000,560.30000000,2.011
1749263626,2.00200000,2318.80000000,2.011
1749263626,2.00100000,751.80000000,2.011
1749263626,2.00000000,517.90000000,2.011
1749263626,1.99900000,417.70000000,2.011
1749263626,1.99800000,421.00000000,2.011
1749263626,1.99700000,326.20000000,2.011
1749263626,1.99600000,851.10000000,2.011
1749263626,1.99500000,141.70000000,2.011
1749263626,1.99400000,272.50000000,2.011
1749263626,1.99200000,622.20000000,2.011
1749263626,1.99000000,117.00000000,2.011
1749263626,1.98900000,258.50000000,2.011
1749263626,1.98700000,117.00000000,2.011
1749263626,1.98600000,85.90000000,2.011
1749263626,1.98500000,117.00000000,2.011
1749263626,1.98300000,678.90000000,2.011
1749263626,1.98100000,259.00000000,2.011
1749263626,1.97700000,11.90000000,2.011
1749263626,1.97500000,259.50000000,2.011
1749263626,1.97300000,117.00000000,2.011
1749263626,1.97000000,2125.30000000,2.011
1749263626,1.96800000,3.30000000,2.011
1749263626,1.96700000,16.80000000,2.011
1749263626,1.96300000,50.90000000,2.011
1749263626,1.96100000,6.30000000,2.011
1749263626,1.96000000,3.60000000,2.011
1749263626,1.95800000,12.90000000,2.011
1749263626,1.95500000,8.30000000,2.011
1749263626,1.95000000,100.10000000,2.011
1749263626,1.94900000,4.40000000,2.011
1749263626,1.94800000,13.20000000,2.011
1749263626,1.94700000,3.10000000,2.011
1749263626,1.94600000,2.90000000,2.011
1749263626,1.93800000,13.60000000,2.011
1749263626,1.93600000,3.30000000,2.011
1749263626,1.93400000,3.60000000,2.011
1749263626,1.93200000,511.00000000,2.011
1749263626,1.93000000,4.50000000,2.011
1749263626,1.92800000,14.70000000,2.011
1749263626,1.92600000,281.10000000,2.011
1749263626,1.92500000,519.40000000,2.011
1749263626,1.92100000,520.50000000,2.011
1749263626,1.92000000,6.00000000,2.011
1749263626,1.91800000,14.80000000,2.011
1749263626,1.91700000,5.30000000,2.011
1749263626,1.91500000,522.10000000,2.011
1749263626,1.91200000,4.50000000,2.011
1749263626,1.91100000,575.50000000,2.011
1749263626,1.91000000,19.70000000,2.011
1749263626,1.90800000,3.60000000,2.011
1749263626,1.90700000,162.50000000,2.011
1749263626,1.90400000,3.30000000,2.011
1749263626,1.90100000,148.10000000,2.011
1749263626,1.90000000,1480.10000000,2.011
1749263626,1.89400000,6.30000000,2.011
1749263626,1.89300000,4.50000000,2.011
1749263626,1.89200000,31.50000000,2.011
1749263626,1.89100000,13.00000000,2.011
1749263626,1.89000000,3.00000000,2.011
1749263626,1.88700000,4.80000000,2.011
1749263626,1.88500000,10.00000000,2.011
1749263626,1.88400000,6.30000000,2.011
1749263626,1.88200000,3.60000000,2.011
1749263626,1.88100000,11.30000000,2.011
1749263626,1.87800000,73.60000000,2.011
1749263626,1.87500000,4.60000000,2.011
1749263626,1.87200000,14.50000000,2.011
1749263626,1.87100000,8.00000000,2.011
1749263626,1.87000000,3.00000000,2.011
1749263626,1.86200000,11.50000000,2.011
1749263626,1.86000000,268.80000000,2.011
1749263626,1.85700000,13.40000000,2.011
1749263626,1.85600000,8.20000000,2.011
1749263626,1.85300000,264.70000000,2.011
1749263626,1.85100000,77.00000000,2.011
1749263626,1.85000000,376.80000000,2.011
1749263626,1.84300000,11.80000000,2.011
1749263626,1.84000000,3.30000000,2.011
1749263626,1.83800000,20.70000000,2.011
1749263626,1.83500000,66.00000000,2.011
1749263626,1.83400000,11.90000000,2.011
1749263626,1.83200000,10.90000000,2.011
1749263626,1.83000000,56.50000000,2.011
1749263626,1.82600000,18.60000000,2.011
1749263626,1.82500000,547.90000000,2.011
1749263626,1.82200000,3.10000000,2.011
1749263626,1.81900000,4.70000000,2.011
1749263626,1.81700000,11.90000000,2.011
1749263626,1.81200000,2.80000000,2.011
1749263626,1.81100000,20.40000000,2.011
1749263626,1.81000000,3.30000000,2.011
1749263626,1.80800000,14.90000000,2.011
1749263933,2.01300000,478.50000000,2.014
1749263933,2.01200000,1161.40000000,2.014
1749263933,2.01100000,3029.20000000,2.014
1749263933,2.01000000,2195.00000000,2.014
1749263933,2.00900000,2319.00000000,2.014
1749263933,2.00800000,1761.70000000,2.014
1749263933,2.00700000,3548.80000000,2.014
1749263933,2.00600000,215.00000000,2.014
1749263933,2.00500000,1771.80000000,2.014
1749263933,2.00400000,158.30000000,2.014
1749263933,2.00300000,417.10000000,2.014
1749263933,2.00200000,220.90000000,2.014
1749263933,2.00100000,681.50000000,2.014
1749263933,2.00000000,269.00000000,2.014
1749263933,1.99900000,737.00000000,2.014
1749263933,1.99700000,117.00000000,2.014
1749263933,1.99600000,851.10000000,2.014
1749263933,1.99000000,117.00000000,2.014
1749263933,1.98900000,347.80000000,2.014
1749263933,1.98700000,117.00000000,2.014
1749263933,1.98600000,21.20000000,2.014
1749263933,1.98500000,258.70000000,2.014
1749263933,1.98300000,678.90000000,2.014
1749263933,1.98100000,117.00000000,2.014
1749263933,1.97700000,11.90000000,2.014
1749263933,1.97500000,142.50000000,2.014
1749263933,1.97000000,2008.30000000,2.014
1749263933,1.96800000,3.30000000,2.014
1749263933,1.96700000,16.80000000,2.014
1749263933,1.96300000,50.90000000,2.014
1749263933,1.96100000,6.30000000,2.014
1749263933,1.96000000,3.60000000,2.014
1749263933,1.95800000,12.90000000,2.014
1749263933,1.95500000,8.30000000,2.014
1749263933,1.95000000,100.10000000,2.014
1749263933,1.94900000,4.40000000,2.014
1749263933,1.94800000,13.20000000,2.014
1749263933,1.94700000,3.10000000,2.014
1749263933,1.94600000,2.90000000,2.014
1749263933,1.93800000,13.60000000,2.014
1749263933,1.93600000,3.30000000,2.014
1749263933,1.93400000,514.60000000,2.014
1749263933,1.93000000,4.50000000,2.014
1749263933,1.92800000,14.70000000,2.014
1749263933,1.92600000,281.10000000,2.014
1749263933,1.92500000,519.40000000,2.014
1749263933,1.92100000,520.50000000,2.014
1749263933,1.92000000,6.00000000,2.014
1749263933,1.91800000,14.80000000,2.014
1749263933,1.91700000,5.30000000,2.014
1749263933,1.91500000,522.10000000,2.014
1749263933,1.91200000,4.50000000,2.014
1749263933,1.91100000,575.50000000,2.014
1749263933,1.91000000,19.70000000,2.014
1749263933,1.90800000,3.60000000,2.014
1749263933,1.90700000,162.50000000,2.014
1749263933,1.90400000,3.30000000,2.014
1749263933,1.90100000,148.10000000,2.014
1749263933,1.90000000,1480.10000000,2.014
1749263933,1.89400000,6.30000000,2.014
1749263933,1.89300000,4.50000000,2.014
1749263933,1.89200000,31.50000000,2.014
1749263933,1.89100000,13.00000000,2.014
1749263933,1.89000000,3.00000000,2.014
1749263933,1.88700000,4.80000000,2.014
1749263933,1.88500000,10.00000000,2.014
1749263933,1.88400000,6.30000000,2.014
1749263933,1.88200000,3.60000000,2.014
1749263933,1.88100000,11.30000000,2.014
1749263933,1.87800000,73.60000000,2.014
1749263933,1.87500000,4.60000000,2.014
1749263933,1.87200000,14.50000000,2.014
1749263933,1.87100000,8.00000000,2.014
1749263933,1.87000000,3.00000000,2.014
1749263933,1.86200000,11.50000000,2.014
1749263933,1.86000000,268.80000000,2.014
1749263933,1.85700000,13.40000000,2.014
1749263933,1.85600000,8.20000000,2.014
1749263933,1.85300000,264.70000000,2.014
1749263933,1.85100000,77.00000000,2.014
1749263933,1.85000000,376.80000000,2.014
1749263933,1.84300000,11.80000000,2.014
1749263933,1.84000000,3.30000000,2.014
1749263933,1.83800000,20.70000000,2.014
1749263933,1.83500000,66.00000000,2.014
1749263933,1.83400000,11.90000000,2.014
1749263933,1.83200000,10.90000000,2.014
1749263933,1.83000000,56.50000000,2.014
1749263933,1.82600000,18.60000000,2.014
1749263933,1.82500000,547.90000000,2.014
1749263933,1.82200000,3.10000000,2.014
1749263933,1.81900000,4.70000000,2.014
1749263933,1.81700000,11.90000000,2.014
1749263933,1.81200000,2.80000000,2.014
1749263933,1.81100000,8.00000000,2.014
1749263933,1.81000000,15.70000000,2.014
1749263933,1.80800000,14.90000000,2.014
1749263933,1.80700000,6.30000000,2.014
1749263933,1.80400000,3.60000000,2.014
1749263933,1.80100000,7.60000000,2.014
1749264235,2.01000000,234.00000000,2.011
1749264235,2.00900000,2718.90000000,2.011
1749264235,2.00800000,3540.60000000,2.011
1749264235,2.00700000,1777.10000000,2.011
1749264235,2.00600000,2407.00000000,2.011
1749264235,2.00500000,665.60000000,2.011
1749264235,2.00400000,557.50000000,2.011
1749264235,2.00300000,2455.90000000,2.011
1749264235,2.00200000,321.70000000,2.011
1749264235,2.00100000,964.60000000,2.011
1749264235,2.00000000,58.80000000,2.011
1749264235,1.99900000,1037.90000000,2.011
1749264235,1.99800000,425.30000000,2.011
1749264235,1.99700000,326.40000000,2.011
1749264235,1.99600000,851.10000000,2.011
1749264235,1.99000000,141.80000000,2.011
1749264235,1.98900000,258.50000000,2.011
1749264235,1.98700000,117.00000000,2.011
1749264235,1.98600000,21.20000000,2.011
1749264235,1.98500000,117.00000000,2.011
1749264235,1.98300000,678.90000000,2.011
1749264235,1.98100000,117.00000000,2.011
1749264235,1.97900000,259.20000000,2.011
1749264235,1.97700000,11.90000000,2.011
1749264235,1.97500000,259.50000000,2.011
1749264235,1.97100000,2005.70000000,2.011
1749264235,1.97000000,513.60000000,2.011
1749264235,1.96800000,3.30000000,2.011
1749264235,1.96700000,16.80000000,2.011
1749264235,1.96300000,50.90000000,2.011
1749264235,1.96100000,6.30000000,2.011
1749264235,1.96000000,3.60000000,2.011
1749264235,1.95800000,12.90000000,2.011
1749264235,1.95500000,8.30000000,2.011
1749264235,1.95000000,100.10000000,2.011
1749264235,1.94900000,4.40000000,2.011
1749264235,1.94800000,13.20000000,2.011
1749264235,1.94700000,3.10000000,2.011
1749264235,1.94600000,2.90000000,2.011
1749264235,1.93800000,13.60000000,2.011
1749264235,1.93600000,3.30000000,2.011
1749264235,1.93400000,3.60000000,2.011
1749264235,1.93000000,4.50000000,2.011
1749264235,1.92800000,14.70000000,2.011
1749264235,1.92600000,281.10000000,2.011
1749264235,1.92500000,519.40000000,2.011
1749264235,1.92100000,520.50000000,2.011
1749264235,1.92000000,6.00000000,2.011
1749264235,1.91800000,14.80000000,2.011
1749264235,1.91700000,5.30000000,2.011
1749264235,1.91500000,522.10000000,2.011
1749264235,1.91200000,4.50000000,2.011
1749264235,1.91100000,575.50000000,2.011
1749264235,1.91000000,19.70000000,2.011
1749264235,1.90800000,3.60000000,2.011
1749264235,1.90700000,162.50000000,2.011
1749264235,1.90400000,3.30000000,2.011
1749264235,1.90100000,148.10000000,2.011
1749264235,1.90000000,1480.10000000,2.011
1749264235,1.89400000,6.30000000,2.011
1749264235,1.89300000,4.50000000,2.011
1749264235,1.89200000,31.50000000,2.011
1749264235,1.89100000,13.00000000,2.011
1749264235,1.89000000,3.00000000,2.011
1749264235,1.88700000,4.80000000,2.011
1749264235,1.88500000,10.00000000,2.011
1749264235,1.88400000,6.30000000,2.011
1749264235,1.88200000,3.60000000,2.011
1749264235,1.88100000,11.30000000,2.011
1749264235,1.87800000,73.60000000,2.011
1749264235,1.87500000,4.60000000,2.011
1749264235,1.87200000,14.50000000,2.011
1749264235,1.87100000,8.00000000,2.011
1749264235,1.87000000,3.00000000,2.011
1749264235,1.86200000,11.50000000,2.011
1749264235,1.86000000,268.80000000,2.011
1749264235,1.85700000,13.40000000,2.011
1749264235,1.85600000,8.20000000,2.011
1749264235,1.85300000,264.70000000,2.011
1749264235,1.85100000,77.00000000,2.011
1749264235,1.85000000,376.80000000,2.011
1749264235,1.84300000,11.80000000,2.011
1749264235,1.84000000,3.30000000,2.011
1749264235,1.83800000,20.70000000,2.011
1749264235,1.83500000,66.00000000,2.011
1749264235,1.83400000,11.90000000,2.011
1749264235,1.83200000,10.90000000,2.011
1749264235,1.83000000,56.50000000,2.011
1749264235,1.82600000,18.60000000,2.011
1749264235,1.82500000,547.90000000,2.011
1749264235,1.82200000,3.10000000,2.011
1749264235,1.81900000,4.70000000,2.011
1749264235,1.81700000,11.90000000,2.011
1749264235,1.81200000,2.80000000,2.011
1749264235,1.81100000,8.00000000,2.011
1749264235,1.81000000,15.70000000,2.011
1749264235,1.80800000,14.90000000,2.011
1749264235,1.80700000,6.30000000,2.011
1749264235,1.80400000,3.60000000,2.011
1749264235,1.80100000,7.60000000,2.011
1749264537,2.01200000,989.20000000,2.01
1749264537,2.01100000,1936.70000000,2.01
1749264537,2.01000000,888.90000000,2.01
1749264537,2.00900000,2214.00000000,2.01
1749264537,2.00800000,3099.50000000,2.01
1749264537,2.00700000,1494.40000000,2.01
1749264537,2.00600000,1205.10000000,2.01
1749264537,2.00500000,971.60000000,2.01
1749264537,2.00400000,259.00000000,2.01
1749264537,2.00300000,2456.20000000,2.01
1749264537,2.00200000,217.80000000,2.01
1749264537,2.00100000,1026.50000000,2.01
1749264537,2.00000000,662.40000000,2.01
1749264537,1.99900000,627.60000000,2.01
1749264537,1.99800000,529.40000000,2.01
1749264537,1.99700000,117.00000000,2.01
1749264537,1.99600000,988.30000000,2.01
1749264537,1.99200000,601.80000000,2.01
1749264537,1.99000000,117.00000000,2.01
1749264537,1.98900000,258.50000000,2.01
1749264537,1.98600000,163.00000000,2.01
1749264537,1.98400000,117.00000000,2.01
1749264537,1.98300000,678.90000000,2.01
1749264537,1.97900000,117.00000000,2.01
1749264537,1.97800000,259.30000000,2.01
1749264537,1.97700000,11.90000000,2.01
1749264537,1.97500000,142.50000000,2.01
1749264537,1.97100000,2005.70000000,2.01
1749264537,1.97000000,513.60000000,2.01
1749264537,1.96800000,3.30000000,2.01
1749264537,1.96700000,16.80000000,2.01
1749264537,1.96300000,50.90000000,2.01
1749264537,1.96100000,6.30000000,2.01
1749264537,1.96000000,3.60000000,2.01
1749264537,1.95800000,12.90000000,2.01
1749264537,1.95500000,8.30000000,2.01
1749264537,1.95000000,100.10000000,2.01
1749264537,1.94900000,4.40000000,2.01
1749264537,1.94800000,13.20000000,2.01
1749264537,1.94700000,3.10000000,2.01
1749264537,1.94600000,2.90000000,2.01
1749264537,1.93800000,13.60000000,2.01
1749264537,1.93600000,3.30000000,2.01
1749264537,1.93400000,3.60000000,2.01
1749264537,1.93000000,4.50000000,2.01
1749264537,1.92800000,14.70000000,2.01
1749264537,1.92600000,281.10000000,2.01
1749264537,1.92500000,519.40000000,2.01
1749264537,1.92100000,520.50000000,2.01
1749264537,1.92000000,6.00000000,2.01
1749264537,1.91800000,20.10000000,2.01
1749264537,1.91500000,522.10000000,2.01
1749264537,1.91200000,4.50000000,2.01
1749264537,1.91100000,575.50000000,2.01
1749264537,1.91000000,19.70000000,2.01
1749264537,1.90800000,3.60000000,2.01
1749264537,1.90700000,162.50000000,2.01
1749264537,1.90400000,3.30000000,2.01
1749264537,1.90100000,148.10000000,2.01
1749264537,1.90000000,1480.10000000,2.01
1749264537,1.89400000,6.30000000,2.01
1749264537,1.89300000,4.50000000,2.01
1749264537,1.89200000,31.50000000,2.01
1749264537,1.89100000,13.00000000,2.01
1749264537,1.89000000,3.00000000,2.01
1749264537,1.88700000,4.80000000,2.01
1749264537,1.88500000,10.00000000,2.01
1749264537,1.88400000,6.30000000,2.01
1749264537,1.88200000,3.60000000,2.01
1749264537,1.88100000,11.30000000,2.01
1749264537,1.87800000,73.60000000,2.01
1749264537,1.87500000,4.60000000,2.01
1749264537,1.87200000,14.50000000,2.01
1749264537,1.87100000,8.00000000,2.01
1749264537,1.87000000,3.00000000,2.01
1749264537,1.86200000,11.50000000,2.01
1749264537,1.86000000,268.80000000,2.01
1749264537,1.85700000,13.40000000,2.01
1749264537,1.85600000,8.20000000,2.01
1749264537,1.85300000,264.70000000,2.01
1749264537,1.85100000,77.00000000,2.01
1749264537,1.85000000,376.80000000,2.01
1749264537,1.84300000,11.80000000,2.01
1749264537,1.84000000,3.30000000,2.01
1749264537,1.83800000,20.70000000,2.01
1749264537,1.83500000,66.00000000,2.01
1749264537,1.83400000,11.90000000,2.01
1749264537,1.83200000,10.90000000,2.01
1749264537,1.83000000,56.50000000,2.01
1749264537,1.82600000,18.60000000,2.01
1749264537,1.82500000,547.90000000,2.01
1749264537,1.82200000,3.10000000,2.01
1749264537,1.81900000,4.70000000,2.01
1749264537,1.81700000,11.90000000,2.01
1749264537,1.81200000,2.80000000,2.01
1749264537,1.81100000,8.00000000,2.01
1749264537,1.81000000,3.30000000,2.01
1749264537,1.80800000,27.30000000,2.01
1749264537,1.80700000,6.30000000,2.01
1749264537,1.80400000,3.60000000,2.01
1749264838,2.01200000,927.10000000,2.012
1749264838,2.01100000,2661.10000000,2.012
1749264838,2.01000000,1853.40000000,2.012
1749264838,2.00900000,1440.90000000,2.012
1749264838,2.00800000,3792.90000000,2.012
1749264838,2.00700000,1354.50000000,2.012
1749264838,2.00600000,1205.10000000,2.012
1749264838,2.00500000,1479.50000000,2.012
1749264838,2.00400000,833.80000000,2.012
1749264838,2.00300000,217.80000000,2.012
1749264838,2.00200000,317.10000000,2.012
1749264838,2.00100000,326.80000000,2.012
1749264838,2.00000000,203.30000000,2.012
1749264838,1.99900000,1110.80000000,2.012
1749264838,1.99800000,425.30000000,2.012
1749264838,1.99700000,117.00000000,2.012
1749264838,1.99600000,367.30000000,2.012
1749264838,1.99300000,141.20000000,2.012
1749264838,1.99200000,117.00000000,2.012
1749264838,1.99000000,764.60000000,2.012
1749264838,1.98700000,117.00000000,2.012
1749264838,1.98600000,138.20000000,2.012
1749264838,1.98400000,117.00000000,2.012
1749264838,1.98300000,678.90000000,2.012
1749264838,1.98200000,142.00000000,2.012
1749264838,1.97800000,117.00000000,2.012
1749264838,1.97700000,11.90000000,2.012
1749264838,1.97500000,259.50000000,2.012
1749264838,1.97200000,2122.70000000,2.012
1749264838,1.97000000,2.60000000,2.012
1749264838,1.96800000,3.30000000,2.012
1749264838,1.96700000,16.80000000,2.012
1749264838,1.96300000,50.90000000,2.012
1749264838,1.96100000,6.30000000,2.012
1749264838,1.96000000,3.60000000,2.012
1749264838,1.95800000,12.90000000,2.012
1749264838,1.95500000,8.30000000,2.012
1749264838,1.95000000,100.10000000,2.012
1749264838,1.94900000,4.40000000,2.012
1749264838,1.94800000,13.20000000,2.012
1749264838,1.94600000,2.90000000,2.012
1749264838,1.93800000,13.60000000,2.012
1749264838,1.93600000,3.30000000,2.012
1749264838,1.93400000,514.60000000,2.012
1749264838,1.93000000,4.50000000,2.012
1749264838,1.92800000,14.70000000,2.012
1749264838,1.92600000,281.10000000,2.012
1749264838,1.92500000,519.40000000,2.012
1749264838,1.92100000,520.50000000,2.012
1749264838,1.92000000,6.00000000,2.012
1749264838,1.91800000,20.10000000,2.012
1749264838,1.91500000,522.10000000,2.012
1749264838,1.91200000,4.50000000,2.012
1749264838,1.91100000,575.50000000,2.012
1749264838,1.91000000,19.70000000,2.012
1749264838,1.90800000,3.60000000,2.012
1749264838,1.90700000,162.50000000,2.012
1749264838,1.90400000,3.30000000,2.012
1749264838,1.90100000,148.10000000,2.012
1749264838,1.90000000,1480.10000000,2.012
1749264838,1.89400000,6.30000000,2.012
1749264838,1.89300000,4.50000000,2.012
1749264838,1.89200000,31.50000000,2.012
1749264838,1.89100000,13.00000000,2.012
1749264838,1.89000000,3.00000000,2.012
1749264838,1.88500000,10.00000000,2.012
1749264838,1.88400000,6.30000000,2.012
1749264838,1.88200000,3.60000000,2.012
1749264838,1.88100000,11.30000000,2.012
1749264838,1.87800000,73.60000000,2.012
1749264838,1.87500000,4.60000000,2.012
1749264838,1.87200000,14.50000000,2.012
1749264838,1.87100000,8.00000000,2.012
1749264838,1.87000000,3.00000000,2.012
1749264838,1.86200000,11.50000000,2.012
1749264838,1.86000000,268.80000000,2.012
1749264838,1.85700000,13.40000000,2.012
1749264838,1.85600000,8.20000000,2.012
1749264838,1.85300000,264.70000000,2.012
1749264838,1.85100000,77.00000000,2.012
1749264838,1.85000000,376.80000000,2.012
1749264838,1.84300000,11.80000000,2.012
1749264838,1.84000000,3.30000000,2.012
1749264838,1.83800000,20.70000000,2.012
1749264838,1.83500000,66.00000000,2.012
1749264838,1.83400000,11.90000000,2.012
1749264838,1.83200000,10.90000000,2.012
1749264838,1.83000000,56.50000000,2.012
1749264838,1.82600000,12.00000000,2.012
1749264838,1.82500000,547.90000000,2.012
1749264838,1.82200000,3.10000000,2.012
1749264838,1.81900000,4.70000000,2.012
1749264838,1.81700000,11.90000000,2.012
1749264838,1.81200000,2.80000000,2.012
1749264838,1.81100000,8.00000000,2.012
1749264838,1.81000000,3.30000000,2.012
1749264838,1.80800000,27.30000000,2.012
1749264838,1.80700000,6.30000000,2.012
1749264838,1.80400000,3.60000000,2.012
1749264838,1.80100000,7.60000000,2.012
1749265141,2.01300000,714.10000000,2.013
1749265141,2.01200000,1270.20000000,2.013
1749265141,2.01100000,4421.60000000,2.013
1749265141,2.01000000,4378.50000000,2.013
1749265141,2.00900000,1503.00000000,2.013
1749265141,2.00800000,904.70000000,2.013
1749265141,2.00700000,1369.30000000,2.013
1749265141,2.00600000,1024.20000000,2.013
1749265141,2.00500000,1191.70000000,2.013
1749265141,2.00400000,158.40000000,2.013
1749265141,2.00300000,417.60000000,2.013
1749265141,2.00200000,117.00000000,2.013
1749265141,2.00100000,420.00000000,2.013
1749265141,2.00000000,896.40000000,2.013
1749265141,1.99700000,117.00000000,2.013
1749265141,1.99600000,738.00000000,2.013
1749265141,1.99300000,141.20000000,2.013
1749265141,1.99200000,117.00000000,2.013
1749265141,1.99000000,206.40000000,2.013
1749265141,1.98700000,117.00000000,2.013
1749265141,1.98600000,138.20000000,2.013
1749265141,1.98500000,141.70000000,2.013
1749265141,1.98400000,117.00000000,2.013
1749265141,1.98300000,678.90000000,2.013
1749265141,1.97800000,117.00000000,2.013
1749265141,1.97700000,11.90000000,2.013
1749265141,1.97500000,259.50000000,2.013
1749265141,1.97200000,2633.70000000,2.013
1749265141,1.97000000,2.60000000,2.013
1749265141,1.96800000,3.30000000,2.013
1749265141,1.96700000,16.80000000,2.013
1749265141,1.96600000,117.00000000,2.013
1749265141,1.96300000,167.90000000,2.013
1749265141,1.96100000,6.30000000,2.013
1749265141,1.96000000,3.60000000,2.013
1749265141,1.95800000,12.90000000,2.013
1749265141,1.95500000,8.30000000,2.013
1749265141,1.95000000,100.10000000,2.013
1749265141,1.94900000,4.40000000,2.013
1749265141,1.94800000,13.20000000,2.013
1749265141,1.94600000,2.90000000,2.013
1749265141,1.93800000,13.60000000,2.013
1749265141,1.93600000,3.30000000,2.013
1749265141,1.93400000,3.60000000,2.013
1749265141,1.93000000,4.50000000,2.013
1749265141,1.92800000,14.70000000,2.013
1749265141,1.92600000,281.10000000,2.013
1749265141,1.92500000,519.40000000,2.013
1749265141,1.92100000,520.50000000,2.013
1749265141,1.92000000,6.00000000,2.013
1749265141,1.91800000,20.10000000,2.013
1749265141,1.91500000,522.10000000,2.013
1749265141,1.91200000,4.50000000,2.013
1749265141,1.91100000,575.50000000,2.013
1749265141,1.91000000,19.70000000,2.013
1749265141,1.90800000,3.60000000,2.013
1749265141,1.90700000,162.50000000,2.013
1749265141,1.90400000,3.30000000,2.013
1749265141,1.90100000,148.10000000,2.013
1749265141,1.90000000,1480.10000000,2.013
1749265141,1.89400000,6.30000000,2.013
1749265141,1.89300000,4.50000000,2.013
1749265141,1.89200000,31.50000000,2.013
1749265141,1.89100000,13.00000000,2.013
1749265141,1.89000000,3.00000000,2.013
1749265141,1.88500000,10.00000000,2.013
1749265141,1.88400000,6.30000000,2.013
1749265141,1.88200000,3.60000000,2.013
1749265141,1.88100000,11.30000000,2.013
1749265141,1.87800000,73.60000000,2.013
1749265141,1.87500000,4.60000000,2.013
1749265141,1.87200000,14.50000000,2.013
1749265141,1.87100000,8.00000000,2.013
1749265141,1.87000000,3.00000000,2.013
1749265141,1.86200000,11.50000000,2.013
1749265141,1.86000000,268.80000000,2.013
1749265141,1.85700000,13.40000000,2.013
1749265141,1.85600000,8.20000000,2.013
1749265141,1.85300000,264.70000000,2.013
1749265141,1.85100000,77.00000000,2.013
1749265141,1.85000000,376.80000000,2.013
1749265141,1.84300000,11.80000000,2.013
1749265141,1.84000000,3.30000000,2.013
1749265141,1.83800000,20.70000000,2.013
1749265141,1.83500000,66.00000000,2.013
1749265141,1.83400000,11.90000000,2.013
1749265141,1.83200000,10.90000000,2.013
1749265141,1.83000000,56.50000000,2.013
1749265141,1.82600000,12.00000000,2.013
1749265141,1.82500000,547.90000000,2.013
1749265141,1.82200000,3.10000000,2.013
1749265141,1.81900000,4.70000000,2.013
1749265141,1.81700000,11.90000000,2.013
1749265141,1.81200000,15.20000000,2.013
1749265141,1.81100000,8.00000000,2.013
1749265141,1.81000000,3.30000000,2.013
1749265141,1.80800000,14.90000000,2.013
1749265141,1.80700000,6.30000000,2.013
1749265141,1.80400000,3.60000000,2.013
1749265141,1.80100000,7.60000000,2.013
1749265442,2.01700000,117.00000000,2.017
1749265442,2.01600000,778.50000000,2.017
1749265442,2.01500000,1647.40000000,2.017
1749265442,2.01400000,1365.60000000,2.017
1749265442,2.01300000,2399.70000000,2.017
1749265442,2.01200000,850.60000000,2.017
1749265442,2.01100000,482.80000000,2.017
1749265442,2.01000000,2047.00000000,2.017
1749265442,2.00900000,2644.90000000,2.017
1749265442,2.00800000,764.60000000,2.017
1749265442,2.00700000,327.00000000,2.017
1749265442,2.00600000,547.90000000,2.017
1749265442,2.00500000,1325.10000000,2.017
1749265442,2.00400000,369.40000000,2.017
1749265442,2.00300000,628.40000000,2.017
1749265442,2.00200000,117.00000000,2.017
1749265442,2.00100000,420.00000000,2.017
1749265442,2.00000000,686.40000000,2.017
1749265442,1.99700000,117.00000000,2.017
1749265442,1.99600000,738.00000000,2.017
1749265442,1.99300000,141.20000000,2.017
1749265442,1.99200000,117.00000000,2.017
1749265442,1.99000000,206.40000000,2.017
1749265442,1.98900000,564.30000000,2.017
1749265442,1.98700000,117.00000000,2.017
1749265442,1.98600000,138.20000000,2.017
1749265442,1.98500000,141.70000000,2.017
1749265442,1.97800000,117.00000000,2.017
1749265442,1.97700000,11.90000000,2.017
1749265442,1.97500000,259.50000000,2.017
1749265442,1.97400000,2005.70000000,2.017
1749265442,1.97200000,628.00000000,2.017
1749265442,1.97000000,2.60000000,2.017
1749265442,1.96800000,3.30000000,2.017
1749265442,1.96700000,16.80000000,2.017
1749265442,1.96600000,117.00000000,2.017
1749265442,1.96300000,50.90000000,2.017
1749265442,1.96100000,6.30000000,2.017
1749265442,1.96000000,3.60000000,2.017
1749265442,1.95800000,12.90000000,2.017
1749265442,1.95500000,8.30000000,2.017
1749265442,1.95000000,100.10000000,2.017
1749265442,1.94900000,4.40000000,2.017
1749265442,1.94800000,13.20000000,2.017
1749265442,1.94600000,2.90000000,2.017
1749265442,1.93800000,13.60000000,2.017
1749265442,1.93600000,3.30000000,2.017
1749265442,1.93400000,3.60000000,2.017
1749265442,1.93000000,4.50000000,2.017
1749265442,1.92800000,14.70000000,2.017
1749265442,1.92600000,281.10000000,2.017
1749265442,1.92500000,519.40000000,2.017
1749265442,1.92100000,520.50000000,2.017
1749265442,1.92000000,11.30000000,2.017
1749265442,1.91800000,14.80000000,2.017
1749265442,1.91500000,522.10000000,2.017
1749265442,1.91200000,4.50000000,2.017
1749265442,1.91100000,575.50000000,2.017
1749265442,1.91000000,19.70000000,2.017
1749265442,1.90800000,3.60000000,2.017
1749265442,1.90700000,162.50000000,2.017
1749265442,1.90400000,3.30000000,2.017
1749265442,1.90100000,42.70000000,2.017
1749265442,1.90000000,1480.10000000,2.017
1749265442,1.89400000,6.30000000,2.017
1749265442,1.89300000,4.50000000,2.017
1749265442,1.89200000,31.50000000,2.017
1749265442,1.89100000,13.00000000,2.017
1749265442,1.89000000,3.00000000,2.017
1749265442,1.88500000,10.00000000,2.017
1749265442,1.88400000,6.30000000,2.017
1749265442,1.88200000,3.60000000,2.017
1749265442,1.88100000,11.30000000,2.017
1749265442,1.87800000,73.60000000,2.017
1749265442,1.87500000,4.60000000,2.017
1749265442,1.87200000,14.50000000,2.017
1749265442,1.87100000,8.00000000,2.017
1749265442,1.87000000,3.00000000,2.017
1749265442,1.86200000,11.50000000,2.017
1749265442,1.86000000,268.80000000,2.017
1749265442,1.85700000,13.40000000,2.017
1749265442,1.85600000,8.20000000,2.017
1749265442,1.85300000,264.70000000,2.017
1749265442,1.85100000,77.00000000,2.017
1749265442,1.85000000,376.80000000,2.017
1749265442,1.84300000,11.80000000,2.017
1749265442,1.84000000,3.30000000,2.017
1749265442,1.83800000,20.70000000,2.017
1749265442,1.83500000,66.00000000,2.017
1749265442,1.83400000,11.90000000,2.017
1749265442,1.83200000,10.90000000,2.017
1749265442,1.83000000,56.50000000,2.017
1749265442,1.82600000,12.00000000,2.017
1749265442,1.82500000,547.90000000,2.017
1749265442,1.82200000,3.10000000,2.017
1749265442,1.81900000,4.70000000,2.017
1749265442,1.81700000,11.90000000,2.017
1749265442,1.81200000,2.80000000,2.017
1749265442,1.81100000,8.00000000,2.017
1749265442,1.81000000,15.70000000,2.017
1749265744,2.01600000,234.00000000,2.017
1749265744,2.01500000,722.10000000,2.017
1749265744,2.01400000,1445.40000000,2.017
1749265744,2.01300000,3431.50000000,2.017
1749265744,2.01200000,2462.10000000,2.017
1749265744,2.01100000,736.90000000,2.017
1749265744,2.01000000,2167.10000000,2.017
1749265744,2.00900000,773.40000000,2.017
1749265744,2.00800000,3338.10000000,2.017
1749265744,2.00700000,614.40000000,2.017
1749265744,2.00600000,117.00000000,2.017
1749265744,2.00500000,1221.40000000,2.017
1749265744,2.00400000,424.40000000,2.017
1749265744,2.00300000,327.80000000,2.017
1749265744,2.00200000,736.10000000,2.017
1749265744,2.00100000,117.00000000,2.017
1749265744,2.00000000,686.40000000,2.017
1749265744,1.99600000,117.00000000,2.017
1749265744,1.99400000,24.70000000,2.017
1749265744,1.99300000,258.20000000,2.017
1749265744,1.99000000,181.60000000,2.017
1749265744,1.98900000,681.30000000,2.017
1749265744,1.98800000,117.00000000,2.017
1749265744,1.98700000,258.60000000,2.017
1749265744,1.98600000,138.20000000,2.017
1749265744,1.98100000,142.00000000,2.017
1749265744,1.97800000,117.00000000,2.017
1749265744,1.97700000,11.90000000,2.017
1749265744,1.97500000,117.00000000,2.017
1749265744,1.97400000,2005.70000000,2.017
1749265744,1.97200000,117.00000000,2.017
1749265744,1.97000000,2.60000000,2.017
1749265744,1.96800000,3.30000000,2.017
1749265744,1.96700000,16.80000000,2.017
1749265744,1.96600000,117.00000000,2.017
1749265744,1.96300000,50.90000000,2.017
1749265744,1.96100000,6.30000000,2.017
1749265744,1.96000000,3.60000000,2.017
1749265744,1.95800000,12.90000000,2.017
1749265744,1.95500000,8.30000000,2.017
1749265744,1.95000000,100.10000000,2.017
1749265744,1.94900000,4.40000000,2.017
1749265744,1.94800000,13.20000000,2.017
1749265744,1.94600000,2.90000000,2.017
1749265744,1.93800000,13.60000000,2.017
1749265744,1.93700000,511.00000000,2.017
1749265744,1.93600000,3.30000000,2.017
1749265744,1.93400000,3.60000000,2.017
1749265744,1.93000000,4.50000000,2.017
1749265744,1.92800000,14.70000000,2.017
1749265744,1.92600000,281.10000000,2.017
1749265744,1.92500000,519.40000000,2.017
1749265744,1.92100000,520.50000000,2.017
1749265744,1.92000000,11.30000000,2.017
1749265744,1.91800000,14.80000000,2.017
1749265744,1.91500000,522.10000000,2.017
1749265744,1.91200000,4.50000000,2.017
1749265744,1.91100000,575.50000000,2.017
1749265744,1.91000000,19.70000000,2.017
1749265744,1.90800000,3.60000000,2.017
1749265744,1.90700000,162.50000000,2.017
1749265744,1.90400000,3.30000000,2.017
1749265744,1.90100000,42.70000000,2.017
1749265744,1.90000000,1480.10000000,2.017
1749265744,1.89400000,6.30000000,2.017
1749265744,1.89300000,4.50000000,2.017
1749265744,1.89200000,31.50000000,2.017
1749265744,1.89100000,13.00000000,2.017
1749265744,1.89000000,3.00000000,2.017
1749265744,1.88500000,10.00000000,2.017
1749265744,1.88400000,6.30000000,2.017
1749265744,1.88200000,3.60000000,2.017
1749265744,1.88100000,11.30000000,2.017
1749265744,1.87800000,73.60000000,2.017
1749265744,1.87500000,4.60000000,2.017
1749265744,1.87200000,14.50000000,2.017
1749265744,1.87100000,8.00000000,2.017
1749265744,1.87000000,3.00000000,2.017
1749265744,1.86200000,11.50000000,2.017
1749265744,1.86000000,268.80000000,2.017
1749265744,1.85700000,13.40000000,2.017
1749265744,1.85600000,8.20000000,2.017
1749265744,1.85300000,264.70000000,2.017
1749265744,1.85100000,77.00000000,2.017
1749265744,1.85000000,376.80000000,2.017
1749265744,1.84300000,11.80000000,2.017
1749265744,1.84000000,3.30000000,2.017
1749265744,1.83800000,20.70000000,2.017
1749265744,1.83500000,66.00000000,2.017
1749265744,1.83400000,11.90000000,2.017
1749265744,1.83200000,10.90000000,2.017
1749265744,1.83000000,56.50000000,2.017
1749265744,1.82600000,12.00000000,2.017
1749265744,1.82500000,547.90000000,2.017
1749265744,1.82200000,3.10000000,2.017
1749265744,1.81900000,4.70000000,2.017
1749265744,1.81700000,11.90000000,2.017
1749265744,1.81200000,2.80000000,2.017
1749265744,1.81100000,8.00000000,2.017
1749265744,1.81000000,15.70000000,2.017
1749266045,2.01900000,631.00000000,2.021
1749266045,2.01800000,2203.80000000,2.021
1749266045,2.01700000,1727.90000000,2.021
1749266045,2.01600000,2050.00000000,2.021
1749266045,2.01500000,839.40000000,2.021
1749266045,2.01400000,1596.00000000,2.021
1749266045,2.01300000,2705.20000000,2.021
1749266045,2.01200000,662.60000000,2.021
1749266045,2.01100000,1277.40000000,2.021
1749266045,2.01000000,509.90000000,2.021
1749266045,2.00900000,222.50000000,2.021
1749266045,2.00800000,666.70000000,2.021
1749266045,2.00700000,718.30000000,2.021
1749266045,2.00600000,328.80000000,2.021
1749266045,2.00500000,1139.60000000,2.021
1749266045,2.00300000,117.00000000,2.021
1749266045,2.00200000,736.10000000,2.021
1749266045,2.00100000,117.00000000,2.021
1749266045,2.00000000,203.30000000,2.021
1749266045,1.99900000,140.80000000,2.021
1749266045,1.99700000,13.20000000,2.021
1749266045,1.99600000,117.00000000,2.021
1749266045,1.99400000,24.70000000,2.021
1749266045,1.99300000,117.00000000,2.021
1749266045,1.99200000,141.30000000,2.021
1749266045,1.99100000,64.60000000,2.021
1749266045,1.99000000,117.00000000,2.021
1749266045,1.98900000,681.30000000,2.021
1749266045,1.98700000,117.00000000,2.021
1749266045,1.98600000,124.90000000,2.021
1749266045,1.98100000,142.00000000,2.021
1749266045,1.98000000,2005.70000000,2.021
1749266045,1.97800000,117.00000000,2.021
1749266045,1.97700000,11.90000000,2.021
1749266045,1.97000000,2.60000000,2.021
1749266045,1.96800000,3.30000000,2.021
1749266045,1.96700000,16.80000000,2.021
1749266045,1.96300000,50.90000000,2.021
1749266045,1.96100000,6.30000000,2.021
1749266045,1.96000000,3.60000000,2.021
1749266045,1.95800000,12.90000000,2.021
1749266045,1.95500000,8.30000000,2.021
1749266045,1.95000000,100.10000000,2.021
1749266045,1.94900000,4.40000000,2.021
1749266045,1.94800000,13.20000000,2.021
1749266045,1.94600000,2.90000000,2.021
1749266045,1.93800000,13.60000000,2.021
1749266045,1.93600000,3.30000000,2.021
1749266045,1.93400000,3.60000000,2.021
1749266045,1.93000000,4.50000000,2.021
1749266045,1.92800000,14.70000000,2.021
1749266045,1.92600000,281.10000000,2.021
1749266045,1.92500000,519.40000000,2.021
1749266045,1.92100000,520.50000000,2.021
1749266045,1.92000000,11.30000000,2.021
1749266045,1.91800000,14.80000000,2.021
1749266045,1.91500000,522.10000000,2.021
1749266045,1.91200000,4.50000000,2.021
1749266045,1.91100000,575.50000000,2.021
1749266045,1.91000000,19.70000000,2.021
1749266045,1.90800000,3.60000000,2.021
1749266045,1.90700000,162.50000000,2.021
1749266045,1.90400000,3.30000000,2.021
1749266045,1.90100000,42.70000000,2.021
1749266045,1.90000000,1480.10000000,2.021
1749266045,1.89400000,6.30000000,2.021
1749266045,1.89300000,4.50000000,2.021
1749266045,1.89200000,31.50000000,2.021
1749266045,1.89100000,13.00000000,2.021
1749266045,1.89000000,3.00000000,2.021
1749266045,1.88500000,10.00000000,2.021
1749266045,1.88400000,6.30000000,2.021
1749266045,1.88200000,3.60000000,2.021
1749266045,1.88100000,11.30000000,2.021
1749266045,1.87800000,73.60000000,2.021
1749266045,1.87500000,4.60000000,2.021
1749266045,1.87200000,14.50000000,2.021
1749266045,1.87100000,8.00000000,2.021
1749266045,1.87000000,3.00000000,2.021
1749266045,1.86200000,11.50000000,2.021
1749266045,1.86000000,268.80000000,2.021
1749266045,1.85700000,13.40000000,2.021
1749266045,1.85600000,8.20000000,2.021
1749266045,1.85300000,264.70000000,2.021
1749266045,1.85100000,77.00000000,2.021
1749266045,1.85000000,376.80000000,2.021
1749266045,1.84300000,11.80000000,2.021
1749266045,1.84000000,3.30000000,2.021
1749266045,1.83800000,20.70000000,2.021
1749266045,1.83500000,66.00000000,2.021
1749266045,1.83400000,11.90000000,2.021
1749266045,1.83200000,10.90000000,2.021
1749266045,1.83000000,56.50000000,2.021
1749266045,1.82600000,12.00000000,2.021
1749266045,1.82500000,547.90000000,2.021
1749266045,1.82200000,3.10000000,2.021
1749266045,1.81900000,4.70000000,2.021
1749266045,1.81700000,11.90000000,2.021
1749266045,1.81500000,12.40000000,2.021
1749266045,1.81200000,2.80000000,2.021
1749266347,2.01800000,234.00000000,2.02
1749266347,2.01700000,1111.90000000,2.02
1749266347,2.01600000,3145.90000000,2.02
1749266347,2.01500000,3090.40000000,2.02
1749266347,2.01400000,715.40000000,2.02
1749266347,2.01300000,1607.70000000,2.02
1749266347,2.01200000,1229.50000000,2.02
1749266347,2.01100000,2548.10000000,2.02
1749266347,2.01000000,492.40000000,2.02
1749266347,2.00900000,222.50000000,2.02
1749266347,2.00800000,368.90000000,2.02
1749266347,2.00700000,756.60000000,2.02
1749266347,2.00600000,267.60000000,2.02
1749266347,2.00500000,599.00000000,2.02
1749266347,2.00400000,210.10000000,2.02
1749266347,2.00300000,117.00000000,2.02
1749266347,2.00200000,736.10000000,2.02
1749266347,2.00100000,117.00000000,2.02
1749266347,2.00000000,83.50000000,2.02
1749266347,1.99900000,257.80000000,2.02
1749266347,1.99700000,130.20000000,2.02
1749266347,1.99400000,117.00000000,2.02
1749266347,1.99300000,205.70000000,2.02
1749266347,1.99000000,117.00000000,2.02
1749266347,1.98900000,681.30000000,2.02
1749266347,1.98700000,117.00000000,2.02
1749266347,1.98600000,124.90000000,2.02
1749266347,1.98300000,258.90000000,2.02
1749266347,1.98000000,2122.70000000,2.02
1749266347,1.97700000,11.90000000,2.02
1749266347,1.97000000,2.60000000,2.02
1749266347,1.96800000,3.30000000,2.02
1749266347,1.96700000,16.80000000,2.02
1749266347,1.96300000,50.90000000,2.02
1749266347,1.96100000,6.30000000,2.02
1749266347,1.96000000,3.60000000,2.02
1749266347,1.95800000,12.90000000,2.02
1749266347,1.95500000,8.30000000,2.02
1749266347,1.95000000,100.10000000,2.02
1749266347,1.94900000,4.40000000,2.02
1749266347,1.94800000,13.20000000,2.02
1749266347,1.94600000,2.90000000,2.02
1749266347,1.94200000,511.00000000,2.02
1749266347,1.93800000,13.60000000,2.02
1749266347,1.93600000,3.30000000,2.02
1749266347,1.93400000,3.60000000,2.02
1749266347,1.93000000,4.50000000,2.02
1749266347,1.92800000,14.70000000,2.02
1749266347,1.92600000,281.10000000,2.02
1749266347,1.92500000,519.40000000,2.02
1749266347,1.92100000,520.50000000,2.02
1749266347,1.92000000,11.30000000,2.02
1749266347,1.91800000,14.80000000,2.02
1749266347,1.91500000,522.10000000,2.02
1749266347,1.91200000,4.50000000,2.02
1749266347,1.91100000,575.50000000,2.02
1749266347,1.91000000,19.70000000,2.02
1749266347,1.90800000,3.60000000,2.02
1749266347,1.90700000,162.50000000,2.02
1749266347,1.90400000,3.30000000,2.02
1749266347,1.90100000,42.70000000,2.02
1749266347,1.90000000,1480.10000000,2.02
1749266347,1.89400000,6.30000000,2.02
1749266347,1.89300000,4.50000000,2.02
1749266347,1.89200000,31.50000000,2.02
1749266347,1.89100000,13.00000000,2.02
1749266347,1.89000000,3.00000000,2.02
1749266347,1.88500000,10.00000000,2.02
1749266347,1.88400000,6.30000000,2.02
1749266347,1.88200000,3.60000000,2.02
1749266347,1.88100000,11.30000000,2.02
1749266347,1.87800000,73.60000000,2.02
1749266347,1.87500000,4.60000000,2.02
1749266347,1.87200000,14.50000000,2.02
1749266347,1.87100000,8.00000000,2.02
1749266347,1.87000000,3.00000000,2.02
1749266347,1.86200000,11.50000000,2.02
1749266347,1.86000000,268.80000000,2.02
1749266347,1.85700000,13.40000000,2.02
1749266347,1.85600000,8.20000000,2.02
1749266347,1.85300000,264.70000000,2.02
1749266347,1.85100000,77.00000000,2.02
1749266347,1.85000000,376.80000000,2.02
1749266347,1.84300000,11.80000000,2.02
1749266347,1.84000000,3.30000000,2.02
1749266347,1.83800000,20.70000000,2.02
1749266347,1.83500000,66.00000000,2.02
1749266347,1.83400000,11.90000000,2.02
1749266347,1.83200000,10.90000000,2.02
1749266347,1.83000000,56.50000000,2.02
1749266347,1.82600000,12.00000000,2.02
1749266347,1.82500000,547.90000000,2.02
1749266347,1.82200000,3.10000000,2.02
1749266347,1.81900000,4.70000000,2.02
1749266347,1.81700000,11.90000000,2.02
1749266347,1.81500000,12.40000000,2.02
1749266347,1.81200000,2.80000000,2.02
1749266347,1.81100000,8.00000000,2.02
1749266347,1.81000000,3.30000000,2.02
1749266347,1.80800000,14.90000000,2.02
1749266655,2.02200000,234.00000000,2.018
1749266655,2.02100000,417.00000000,2.018
1749266655,2.02000000,848.40000000,2.018
1749266655,2.01900000,3190.90000000,2.018
1749266655,2.01800000,1076.20000000,2.018
1749266655,2.01700000,1688.50000000,2.018
1749266655,2.01600000,381.70000000,2.018
1749266655,2.01500000,756.10000000,2.018
1749266655,2.01400000,1240.70000000,2.018
1749266655,2.01300000,3286.10000000,2.018
1749266655,2.01200000,689.30000000,2.018
1749266655,2.01100000,618.10000000,2.018
1749266655,2.01000000,508.80000000,2.018
1749266655,2.00900000,433.90000000,2.018
1749266655,2.00800000,117.00000000,2.018
1749266655,2.00700000,424.00000000,2.018
1749266655,2.00600000,117.00000000,2.018
1749266655,2.00500000,749.70000000,2.018
1749266655,2.00300000,117.00000000,2.018
1749266655,2.00200000,736.10000000,2.018
1749266655,2.00100000,117.00000000,2.018
1749266655,2.00000000,83.50000000,2.018
1749266655,1.99900000,117.00000000,2.018
1749266655,1.99700000,130.20000000,2.018
1749266655,1.99500000,141.00000000,2.018
1749266655,1.99400000,117.00000000,2.018
1749266655,1.99300000,141.20000000,2.018
1749266655,1.99000000,117.00000000,2.018
1749266655,1.98900000,681.30000000,2.018
1749266655,1.98600000,7.90000000,2.018
1749266655,1.98300000,141.90000000,2.018
1749266655,1.97800000,2005.70000000,2.018
1749266655,1.97700000,11.90000000,2.018
1749266655,1.97000000,2.60000000,2.018
1749266655,1.96800000,3.30000000,2.018
1749266655,1.96700000,16.80000000,2.018
1749266655,1.96300000,50.90000000,2.018
1749266655,1.96100000,6.30000000,2.018
1749266655,1.96000000,3.60000000,2.018
1749266655,1.95800000,12.90000000,2.018
1749266655,1.95500000,8.30000000,2.018
1749266655,1.95000000,100.10000000,2.018
1749266655,1.94900000,4.40000000,2.018
1749266655,1.94800000,13.20000000,2.018
1749266655,1.94600000,2.90000000,2.018
1749266655,1.93800000,13.60000000,2.018
1749266655,1.93600000,3.30000000,2.018
1749266655,1.93400000,3.60000000,2.018
1749266655,1.93000000,4.50000000,2.018
1749266655,1.92800000,14.70000000,2.018
1749266655,1.92600000,281.10000000,2.018
1749266655,1.92500000,519.40000000,2.018
1749266655,1.92100000,520.50000000,2.018
1749266655,1.92000000,6.00000000,2.018
1749266655,1.91800000,14.80000000,2.018
1749266655,1.91600000,5.30000000,2.018
1749266655,1.91500000,522.10000000,2.018
1749266655,1.91200000,4.50000000,2.018
1749266655,1.91100000,575.50000000,2.018
1749266655,1.91000000,19.70000000,2.018
1749266655,1.90800000,3.60000000,2.018
1749266655,1.90700000,162.50000000,2.018
1749266655,1.90400000,3.30000000,2.018
1749266655,1.90100000,42.70000000,2.018
1749266655,1.90000000,1480.10000000,2.018
1749266655,1.89400000,6.30000000,2.018
1749266655,1.89300000,4.50000000,2.018
1749266655,1.89200000,31.50000000,2.018
1749266655,1.89100000,13.00000000,2.018
1749266655,1.89000000,3.00000000,2.018
1749266655,1.88500000,10.00000000,2.018
1749266655,1.88400000,6.30000000,2.018
1749266655,1.88200000,3.60000000,2.018
1749266655,1.88100000,11.30000000,2.018
1749266655,1.87800000,73.60000000,2.018
1749266655,1.87500000,4.60000000,2.018
1749266655,1.87200000,14.50000000,2.018
1749266655,1.87100000,8.00000000,2.018
1749266655,1.87000000,3.00000000,2.018
1749266655,1.86200000,11.50000000,2.018
1749266655,1.86000000,268.80000000,2.018
1749266655,1.85700000,13.40000000,2.018
1749266655,1.85600000,8.20000000,2.018
1749266655,1.85300000,264.70000000,2.018
1749266655,1.85100000,77.00000000,2.018
1749266655,1.85000000,376.80000000,2.018
1749266655,1.84300000,11.80000000,2.018
1749266655,1.84000000,3.30000000,2.018
1749266655,1.83800000,20.70000000,2.018
1749266655,1.83500000,66.00000000,2.018
1749266655,1.83400000,11.90000000,2.018
1749266655,1.83200000,10.90000000,2.018
1749266655,1.83000000,56.50000000,2.018
1749266655,1.82600000,12.00000000,2.018
1749266655,1.82500000,547.90000000,2.018
1749266655,1.82200000,3.10000000,2.018
1749266655,1.81900000,4.70000000,2.018
1749266655,1.81700000,11.90000000,2.018
1749266655,1.81600000,12.40000000,2.018
1749266655,1.81200000,2.80000000,2.018
1749266957,2.02000000,514.50000000,2.021
1749266957,2.01900000,3295.70000000,2.021
1749266957,2.01800000,2308.70000000,2.021
1749266957,2.01700000,1411.70000000,2.021
1749266957,2.01600000,1414.00000000,2.021
1749266957,2.01500000,476.20000000,2.021
1749266957,2.01400000,3221.30000000,2.021
1749266957,2.01300000,1420.20000000,2.021
1749266957,2.01200000,940.70000000,2.021
1749266957,2.01100000,618.10000000,2.021
1749266957,2.01000000,257.10000000,2.021
1749266957,2.00900000,222.50000000,2.021
1749266957,2.00800000,117.00000000,2.021
1749266957,2.00700000,635.00000000,2.021
1749266957,2.00600000,117.00000000,2.021
1749266957,2.00500000,749.70000000,2.021
1749266957,2.00300000,117.00000000,2.021
1749266957,2.00200000,736.10000000,2.021
1749266957,2.00100000,117.00000000,2.021
1749266957,2.00000000,224.20000000,2.021
1749266957,1.99900000,117.00000000,2.021
1749266957,1.99700000,130.20000000,2.021
1749266957,1.99500000,562.40000000,2.021
1749266957,1.99400000,117.00000000,2.021
1749266957,1.99300000,141.20000000,2.021
1749266957,1.98900000,117.00000000,2.021
1749266957,1.98600000,7.90000000,2.021
1749266957,1.98300000,258.90000000,2.021
1749266957,1.98200000,2093.40000000,2.021
1749266957,1.98000000,511.00000000,2.021
1749266957,1.97700000,11.90000000,2.021
1749266957,1.97000000,2.60000000,2.021
1749266957,1.96800000,3.30000000,2.021
1749266957,1.96700000,16.80000000,2.021
1749266957,1.96300000,50.90000000,2.021
1749266957,1.96100000,6.30000000,2.021
1749266957,1.96000000,3.60000000,2.021
1749266957,1.95800000,12.90000000,2.021
1749266957,1.95500000,8.30000000,2.021
1749266957,1.95000000,100.10000000,2.021
1749266957,1.94900000,4.40000000,2.021
1749266957,1.94800000,13.20000000,2.021
1749266957,1.94600000,2.90000000,2.021
1749266957,1.93800000,13.60000000,2.021
1749266957,1.93600000,3.30000000,2.021
1749266957,1.93400000,3.60000000,2.021
1749266957,1.93000000,4.50000000,2.021
1749266957,1.92800000,14.70000000,2.021
1749266957,1.92600000,281.10000000,2.021
1749266957,1.92500000,519.40000000,2.021
1749266957,1.92100000,520.50000000,2.021
1749266957,1.92000000,6.00000000,2.021
1749266957,1.91800000,14.80000000,2.021
1749266957,1.91600000,5.30000000,2.021
1749266957,1.91500000,522.10000000,2.021
1749266957,1.91200000,4.50000000,2.021
1749266957,1.91100000,575.50000000,2.021
1749266957,1.91000000,19.70000000,2.021
1749266957,1.90800000,3.60000000,2.021
1749266957,1.90700000,162.50000000,2.021
1749266957,1.90400000,3.30000000,2.021
1749266957,1.90100000,42.70000000,2.021
1749266957,1.90000000,1480.10000000,2.021
1749266957,1.89400000,6.30000000,2.021
1749266957,1.89300000,4.50000000,2.021
1749266957,1.89200000,31.50000000,2.021
1749266957,1.89100000,13.00000000,2.021
1749266957,1.89000000,3.00000000,2.021
1749266957,1.88500000,10.00000000,2.021
1749266957,1.88400000,6.30000000,2.021
1749266957,1.88200000,3.60000000,2.021
1749266957,1.88100000,11.30000000,2.021
1749266957,1.87800000,73.60000000,2.021
1749266957,1.87500000,4.60000000,2.021
1749266957,1.87200000,14.50000000,2.021
1749266957,1.87100000,8.00000000,2.021
1749266957,1.87000000,3.00000000,2.021
1749266957,1.86200000,11.50000000,2.021
1749266957,1.86000000,268.80000000,2.021
1749266957,1.85700000,13.40000000,2.021
1749266957,1.85600000,8.20000000,2.021
1749266957,1.85300000,264.70000000,2.021
1749266957,1.85100000,77.00000000,2.021
1749266957,1.85000000,376.80000000,2.021
1749266957,1.84300000,11.80000000,2.021
1749266957,1.84000000,3.30000000,2.021
1749266957,1.83800000,20.70000000,2.021
1749266957,1.83500000,66.00000000,2.021
1749266957,1.83400000,11.90000000,2.021
1749266957,1.83200000,10.90000000,2.021
1749266957,1.83000000,56.50000000,2.021
1749266957,1.82600000,12.00000000,2.021
1749266957,1.82500000,547.90000000,2.021
1749266957,1.82200000,3.10000000,2.021
1749266957,1.81900000,16.70000000,2.021
1749266957,1.81700000,11.90000000,2.021
1749266957,1.81200000,2.80000000,2.021
1749266957,1.81100000,8.00000000,2.021
1749266957,1.81000000,3.30000000,2.021
1749266957,1.80800000,14.90000000,2.021
1749267258,2.01800000,334.00000000,2.02
1749267258,2.01700000,3643.30000000,2.02
1749267258,2.01600000,2361.60000000,2.02
1749267258,2.01500000,1530.00000000,2.02
1749267258,2.01400000,1527.40000000,2.02
1749267258,2.01300000,1304.10000000,2.02
1749267258,2.01200000,437.30000000,2.02
1749267258,2.01100000,618.10000000,2.02
1749267258,2.01000000,2834.40000000,2.02
1749267258,2.00900000,222.50000000,2.02
1749267258,2.00800000,455.10000000,2.02
1749267258,2.00700000,465.20000000,2.02
1749267258,2.00600000,117.00000000,2.02
1749267258,2.00500000,960.20000000,2.02
1749267258,2.00300000,117.00000000,2.02
1749267258,2.00200000,736.10000000,2.02
1749267258,2.00100000,117.00000000,2.02
1749267258,2.00000000,83.50000000,2.02
1749267258,1.99900000,117.00000000,2.02
1749267258,1.99700000,130.20000000,2.02
1749267258,1.99600000,258.00000000,2.02
1749267258,1.99500000,562.40000000,2.02
1749267258,1.99400000,117.00000000,2.02
1749267258,1.99300000,205.70000000,2.02
1749267258,1.98900000,117.00000000,2.02
1749267258,1.98600000,7.90000000,2.02
1749267258,1.98300000,258.90000000,2.02
1749267258,1.98200000,2093.40000000,2.02
1749267258,1.98000000,117.00000000,2.02
1749267258,1.97700000,11.90000000,2.02
1749267258,1.97000000,2.60000000,2.02
1749267258,1.96800000,3.30000000,2.02
1749267258,1.96700000,16.80000000,2.02
1749267258,1.96300000,50.90000000,2.02
1749267258,1.96100000,6.30000000,2.02
1749267258,1.96000000,3.60000000,2.02
1749267258,1.95800000,12.90000000,2.02
1749267258,1.95500000,8.30000000,2.02
1749267258,1.95000000,100.10000000,2.02
1749267258,1.94900000,4.40000000,2.02
1749267258,1.94800000,13.20000000,2.02
1749267258,1.94600000,2.90000000,2.02
1749267258,1.94100000,511.00000000,2.02
1749267258,1.93800000,13.60000000,2.02
1749267258,1.93600000,3.30000000,2.02
1749267258,1.93400000,3.60000000,2.02
1749267258,1.93000000,4.50000000,2.02
1749267258,1.92800000,14.70000000,2.02
1749267258,1.92600000,281.10000000,2.02
1749267258,1.92500000,519.40000000,2.02
1749267258,1.92100000,520.50000000,2.02
1749267258,1.92000000,6.00000000,2.02
1749267258,1.91800000,14.80000000,2.02
1749267258,1.91600000,5.30000000,2.02
1749267258,1.91500000,522.10000000,2.02
1749267258,1.91200000,4.50000000,2.02
1749267258,1.91100000,575.50000000,2.02
1749267258,1.91000000,19.70000000,2.02
1749267258,1.90800000,3.60000000,2.02
1749267258,1.90700000,162.50000000,2.02
1749267258,1.90400000,3.30000000,2.02
1749267258,1.90100000,42.70000000,2.02
1749267258,1.90000000,1480.10000000,2.02
1749267258,1.89400000,6.30000000,2.02
1749267258,1.89300000,4.50000000,2.02
1749267258,1.89200000,31.50000000,2.02
1749267258,1.89100000,13.00000000,2.02
1749267258,1.89000000,3.00000000,2.02
1749267258,1.88500000,10.00000000,2.02
1749267258,1.88400000,6.30000000,2.02
1749267258,1.88200000,3.60000000,2.02
1749267258,1.88100000,11.30000000,2.02
1749267258,1.87800000,73.60000000,2.02
1749267258,1.87500000,4.60000000,2.02
1749267258,1.87200000,14.50000000,2.02
1749267258,1.87100000,8.00000000,2.02
1749267258,1.87000000,3.00000000,2.02
1749267258,1.86200000,11.50000000,2.02
1749267258,1.86000000,268.80000000,2.02
1749267258,1.85700000,13.40000000,2.02
1749267258,1.85600000,8.20000000,2.02
1749267258,1.85300000,264.70000000,2.02
1749267258,1.85100000,77.00000000,2.02
1749267258,1.85000000,376.80000000,2.02
1749267258,1.84300000,11.80000000,2.02
1749267258,1.84000000,3.30000000,2.02
1749267258,1.83800000,20.70000000,2.02
1749267258,1.83500000,66.00000000,2.02
1749267258,1.83400000,11.90000000,2.02
1749267258,1.83200000,10.90000000,2.02
1749267258,1.83000000,56.50000000,2.02
1749267258,1.82600000,12.00000000,2.02
1749267258,1.82500000,547.90000000,2.02
1749267258,1.82200000,3.10000000,2.02
1749267258,1.81900000,16.70000000,2.02
1749267258,1.81700000,11.90000000,2.02
1749267258,1.81200000,2.80000000,2.02
1749267258,1.81100000,8.00000000,2.02
1749267258,1.81000000,3.30000000,2.02
1749267258,1.80800000,14.90000000,2.02
1749267560,2.02100000,241.00000000,2.021
1749267560,2.02000000,997.30000000,2.021
1749267560,2.01900000,2093.60000000,2.021
1749267560,2.01800000,1683.40000000,2.021
1749267560,2.01700000,2839.70000000,2.021
1749267560,2.01600000,2693.40000000,2.021
1749267560,2.01500000,218.20000000,2.021
1749267560,2.01400000,440.70000000,2.021
1749267560,2.01300000,2945.40000000,2.021
1749267560,2.01200000,456.20000000,2.021
1749267560,2.01100000,869.60000000,2.021
1749267560,2.01000000,576.70000000,2.021
1749267560,2.00900000,679.80000000,2.021
1749267560,2.00800000,117.00000000,2.021
1749267560,2.00700000,635.10000000,2.021
1749267560,2.00600000,117.00000000,2.021
1749267560,2.00500000,749.70000000,2.021
1749267560,2.00300000,117.00000000,2.021
1749267560,2.00200000,736.10000000,2.021
1749267560,2.00100000,117.00000000,2.021
1749267560,2.00000000,83.50000000,2.021
1749267560,1.99900000,117.00000000,2.021
1749267560,1.99700000,130.20000000,2.021
1749267560,1.99600000,258.00000000,2.021
1749267560,1.99500000,562.40000000,2.021
1749267560,1.99400000,117.00000000,2.021
1749267560,1.99300000,141.20000000,2.021
1749267560,1.98900000,117.00000000,2.021
1749267560,1.98600000,7.90000000,2.021
1749267560,1.98300000,258.90000000,2.021
1749267560,1.98000000,511.00000000,2.021
1749267560,1.97800000,1976.40000000,2.021
1749267560,1.97700000,11.90000000,2.021
1749267560,1.97000000,2.60000000,2.021
1749267560,1.96800000,3.30000000,2.021
1749267560,1.96700000,16.80000000,2.021
1749267560,1.96300000,50.90000000,2.021
1749267560,1.96100000,6.30000000,2.021
1749267560,1.96000000,3.60000000,2.021
1749267560,1.95800000,12.90000000,2.021
1749267560,1.95500000,8.30000000,2.021
1749267560,1.95000000,100.10000000,2.021
1749267560,1.94900000,4.40000000,2.021
1749267560,1.94800000,13.20000000,2.021
1749267560,1.94600000,2.90000000,2.021
1749267560,1.93800000,13.60000000,2.021
1749267560,1.93600000,3.30000000,2.021
1749267560,1.93400000,3.60000000,2.021
1749267560,1.93000000,4.50000000,2.021
1749267560,1.92800000,14.70000000,2.021
1749267560,1.92600000,281.10000000,2.021
1749267560,1.92500000,519.40000000,2.021
1749267560,1.92100000,520.50000000,2.021
1749267560,1.92000000,6.00000000,2.021
1749267560,1.91800000,14.80000000,2.021
1749267560,1.91600000,5.30000000,2.021
1749267560,1.91500000,522.10000000,2.021
1749267560,1.91200000,4.50000000,2.021
1749267560,1.91100000,575.50000000,2.021
1749267560,1.91000000,19.70000000,2.021
1749267560,1.90800000,3.60000000,2.021
1749267560,1.90700000,162.50000000,2.021
1749267560,1.90400000,3.30000000,2.021
1749267560,1.90100000,42.70000000,2.021
1749267560,1.90000000,1480.10000000,2.021
1749267560,1.89400000,6.30000000,2.021
1749267560,1.89300000,4.50000000,2.021
1749267560,1.89200000,31.50000000,2.021
1749267560,1.89100000,13.00000000,2.021
1749267560,1.89000000,3.00000000,2.021
1749267560,1.88500000,10.00000000,2.021
1749267560,1.88400000,6.30000000,2.021
1749267560,1.88200000,3.60000000,2.021
1749267560,1.88100000,11.30000000,2.021
1749267560,1.87800000,73.60000000,2.021
1749267560,1.87500000,4.60000000,2.021
1749267560,1.87200000,14.50000000,2.021
1749267560,1.87100000,8.00000000,2.021
1749267560,1.87000000,3.00000000,2.021
1749267560,1.86200000,11.50000000,2.021
1749267560,1.86000000,268.80000000,2.021
1749267560,1.85700000,13.40000000,2.021
1749267560,1.85600000,8.20000000,2.021
1749267560,1.85300000,264.70000000,2.021
1749267560,1.85100000,77.00000000,2.021
1749267560,1.85000000,376.80000000,2.021
1749267560,1.84300000,11.80000000,2.021
1749267560,1.84000000,3.30000000,2.021
1749267560,1.83800000,20.70000000,2.021
1749267560,1.83500000,66.00000000,2.021
1749267560,1.83400000,11.90000000,2.021
1749267560,1.83200000,10.90000000,2.021
1749267560,1.83000000,56.50000000,2.021
1749267560,1.82600000,12.00000000,2.021
1749267560,1.82500000,547.90000000,2.021
1749267560,1.82200000,3.10000000,2.021
1749267560,1.81900000,4.70000000,2.021
1749267560,1.81700000,24.30000000,2.021
1749267560,1.81200000,2.80000000,2.021
1749267560,1.81100000,8.00000000,2.021
1749267861,2.02200000,210.70000000,2.022
1749267861,2.02100000,1071.10000000,2.022
1749267861,2.02000000,3177.20000000,2.022
1749267861,2.01900000,1333.40000000,2.022
1749267861,2.01800000,1575.20000000,2.022
1749267861,2.01700000,321.50000000,2.022
1749267861,2.01600000,787.20000000,2.022
1749267861,2.01500000,2197.40000000,2.022
1749267861,2.01400000,682.00000000,2.022
1749267861,2.01300000,1671.60000000,2.022
1749267861,2.01200000,533.80000000,2.022
1749267861,2.01100000,516.90000000,2.022
1749267861,2.01000000,558.50000000,2.022
1749267861,2.00900000,434.10000000,2.022
1749267861,2.00600000,117.00000000,2.022
1749267861,2.00500000,749.70000000,2.022
1749267861,2.00400000,4.30000000,2.022
1749267861,2.00300000,735.80000000,2.022
1749267861,2.00100000,257.60000000,2.022
1749267861,2.00000000,83.50000000,2.022
1749267861,1.99900000,181.30000000,2.022
1749267861,1.99700000,130.20000000,2.022
1749267861,1.99600000,117.00000000,2.022
1749267861,1.99500000,562.40000000,2.022
1749267861,1.99400000,117.00000000,2.022
1749267861,1.99300000,141.20000000,2.022
1749267861,1.98900000,117.00000000,2.022
1749267861,1.98700000,270.40000000,2.022
1749267861,1.98600000,7.90000000,2.022
1749267861,1.98100000,511.00000000,2.022
1749267861,1.98000000,117.00000000,2.022
1749267861,1.97800000,2093.40000000,2.022
1749267861,1.97700000,11.90000000,2.022
1749267861,1.97000000,2.60000000,2.022
1749267861,1.96800000,3.30000000,2.022
1749267861,1.96700000,16.80000000,2.022
1749267861,1.96300000,50.90000000,2.022
1749267861,1.96100000,6.30000000,2.022
1749267861,1.96000000,3.60000000,2.022
1749267861,1.95800000,12.90000000,2.022
1749267861,1.95500000,8.30000000,2.022
1749267861,1.95000000,100.10000000,2.022
1749267861,1.94900000,4.40000000,2.022
1749267861,1.94800000,13.20000000,2.022
1749267861,1.94600000,2.90000000,2.022
1749267861,1.93800000,13.60000000,2.022
1749267861,1.93600000,3.30000000,2.022
1749267861,1.93400000,3.60000000,2.022
1749267861,1.93000000,4.50000000,2.022
1749267861,1.92800000,14.70000000,2.022
1749267861,1.92600000,281.10000000,2.022
1749267861,1.92500000,519.40000000,2.022
1749267861,1.92100000,520.50000000,2.022
1749267861,1.92000000,6.00000000,2.022
1749267861,1.91800000,14.80000000,2.022
1749267861,1.91600000,5.30000000,2.022
1749267861,1.91500000,522.10000000,2.022
1749267861,1.91200000,4.50000000,2.022
1749267861,1.91100000,575.50000000,2.022
1749267861,1.91000000,19.70000000,2.022
1749267861,1.90800000,3.60000000,2.022
1749267861,1.90700000,162.50000000,2.022
1749267861,1.90400000,3.30000000,2.022
1749267861,1.90100000,42.70000000,2.022
1749267861,1.90000000,1480.10000000,2.022
1749267861,1.89400000,6.30000000,2.022
1749267861,1.89300000,4.50000000,2.022
1749267861,1.89200000,31.50000000,2.022
1749267861,1.89100000,13.00000000,2.022
1749267861,1.89000000,3.00000000,2.022
1749267861,1.88500000,10.00000000,2.022
1749267861,1.88400000,6.30000000,2.022
1749267861,1.88200000,3.60000000,2.022
1749267861,1.88100000,11.30000000,2.022
1749267861,1.87800000,73.60000000,2.022
1749267861,1.87500000,4.60000000,2.022
1749267861,1.87200000,14.50000000,2.022
1749267861,1.87100000,8.00000000,2.022
1749267861,1.87000000,3.00000000,2.022
1749267861,1.86200000,11.50000000,2.022
1749267861,1.86000000,268.80000000,2.022
1749267861,1.85700000,13.40000000,2.022
1749267861,1.85600000,8.20000000,2.022
1749267861,1.85300000,264.70000000,2.022
1749267861,1.85100000,77.00000000,2.022
1749267861,1.85000000,376.80000000,2.022
1749267861,1.84300000,11.80000000,2.022
1749267861,1.84000000,3.30000000,2.022
1749267861,1.83800000,20.70000000,2.022
1749267861,1.83500000,66.00000000,2.022
1749267861,1.83400000,11.90000000,2.022
1749267861,1.83200000,10.90000000,2.022
1749267861,1.83000000,56.50000000,2.022
1749267861,1.82600000,12.00000000,2.022
1749267861,1.82500000,547.90000000,2.022
1749267861,1.82200000,3.10000000,2.022
1749267861,1.81900000,4.70000000,2.022
1749267861,1.81700000,24.30000000,2.022
1749267861,1.81200000,2.80000000,2.022
1749267861,1.81100000,8.00000000,2.022
1749268163,2.02300000,536.00000000,2.021
1749268163,2.02200000,1717.50000000,2.021
1749268163,2.02100000,1202.50000000,2.021
1749268163,2.02000000,2339.30000000,2.021
1749268163,2.01900000,1745.40000000,2.021
1749268163,2.01800000,2223.20000000,2.021
1749268163,2.01700000,201.50000000,2.021
1749268163,2.01600000,2987.40000000,2.021
1749268163,2.01500000,304.20000000,2.021
1749268163,2.01400000,459.90000000,2.021
1749268163,2.01300000,1729.20000000,2.021
1749268163,2.01200000,346.50000000,2.021
1749268163,2.01100000,516.90000000,2.021
1749268163,2.01000000,630.40000000,2.021
1749268163,2.00900000,222.50000000,2.021
1749268163,2.00600000,117.00000000,2.021
1749268163,2.00500000,599.00000000,2.021
1749268163,2.00400000,647.40000000,2.021
1749268163,2.00300000,117.00000000,2.021
1749268163,2.00200000,64.20000000,2.021
1749268163,2.00100000,257.60000000,2.021
1749268163,2.00000000,58.80000000,2.021
1749268163,1.99900000,117.00000000,2.021
1749268163,1.99700000,130.20000000,2.021
1749268163,1.99600000,117.00000000,2.021
1749268163,1.99500000,562.40000000,2.021
1749268163,1.99400000,117.00000000,2.021
1749268163,1.99300000,141.20000000,2.021
1749268163,1.98900000,117.00000000,2.021
1749268163,1.98700000,270.40000000,2.021
1749268163,1.98600000,7.90000000,2.021
1749268163,1.98200000,2604.40000000,2.021
1749268163,1.97700000,11.90000000,2.021
1749268163,1.97000000,2.60000000,2.021
1749268163,1.96800000,3.30000000,2.021
