timestamp,price,volume,current_price
1749260723,2.14400000,260.80000000,2.145
1749260723,2.14300000,1610.50000000,2.145
1749260723,2.14200000,2395.70000000,2.145
1749260723,2.14100000,2310.80000000,2.145
1749260723,2.14000000,2283.50000000,2.145
1749260723,2.13900000,1385.00000000,2.145
1749260723,2.13800000,1983.90000000,2.145
1749260723,2.13700000,1233.50000000,2.145
1749260723,2.13600000,1560.40000000,2.145
1749260723,2.13500000,3558.10000000,2.145
1749260723,2.13400000,1663.00000000,2.145
1749260723,2.13300000,1021.50000000,2.145
1749260723,2.13200000,1670.90000000,2.145
1749260723,2.13100000,1067.30000000,2.145
1749260723,2.13000000,5844.50000000,2.145
1749260723,2.12900000,1006.10000000,2.145
1749260723,2.12800000,592.40000000,2.145
1749260723,2.12700000,882.70000000,2.145
1749260723,2.12600000,1637.10000000,2.145
1749260723,2.12500000,4909.80000000,2.145
1749260723,2.12400000,1294.90000000,2.145
1749260723,2.12300000,16818.10000000,2.145
1749260723,2.12200000,588.80000000,2.145
1749260723,2.12100000,352.30000000,2.145
1749260723,2.12000000,25505.80000000,2.145
1749260723,2.11900000,1420.30000000,2.145
1749260723,2.11800000,614.00000000,2.145
1749260723,2.11700000,459.80000000,2.145
1749260723,2.11600000,1671.20000000,2.145
1749260723,2.11500000,267.20000000,2.145
1749260723,2.11400000,765.00000000,2.145
1749260723,2.11300000,21.50000000,2.145
1749260723,2.11200000,833.80000000,2.145
1749260723,2.11100000,484.50000000,2.145
1749260723,2.11000000,970.90000000,2.145
1749260723,2.10900000,1433.00000000,2.145
1749260723,2.10800000,1793.40000000,2.145
1749260723,2.10700000,51.80000000,2.145
1749260723,2.10600000,34.00000000,2.145
1749260723,2.10500000,498.60000000,2.145
1749260723,2.10400000,136.80000000,2.145
1749260723,2.10300000,389.40000000,2.145
1749260723,2.10200000,1124.20000000,2.145
1749260723,2.10100000,68.70000000,2.145
1749260723,2.10000000,4530.30000000,2.145
1749260723,2.09900000,667.40000000,2.145
1749260723,2.09800000,493.40000000,2.145
1749260723,2.09700000,45.70000000,2.145
1749260723,2.09600000,528.20000000,2.145
1749260723,2.09500000,45.20000000,2.145
1749260723,2.09400000,1329.40000000,2.145
1749260723,2.09300000,499.80000000,2.145
1749260723,2.09200000,8.90000000,2.145
1749260723,2.09100000,185.00000000,2.145
1749260723,2.09000000,483.80000000,2.145
1749260723,2.08900000,18.60000000,2.145
1749260723,2.08800000,153.00000000,2.145
1749260723,2.08700000,85.70000000,2.145
1749260723,2.08600000,37.30000000,2.145
1749260723,2.08500000,32.20000000,2.145
1749260723,2.08400000,20.30000000,2.145
1749260723,2.08300000,698.20000000,2.145
1749260723,2.08100000,6.70000000,2.145
1749260723,2.08000000,1944.80000000,2.145
1749260723,2.07900000,8.20000000,2.145
1749260723,2.07700000,6.10000000,2.145
1749260723,2.07600000,9.60000000,2.145
1749260723,2.07500000,18.70000000,2.145
1749260723,2.07400000,51.90000000,2.145
1749260723,2.07300000,228.10000000,2.145
1749260723,2.07200000,4.50000000,2.145
1749260723,2.07000000,94.90000000,2.145
1749260723,2.06900000,445.30000000,2.145
1749260723,2.06600000,12.80000000,2.145
1749260723,2.06500000,62.00000000,2.145
1749260723,2.06400000,14.90000000,2.145
1749260723,2.06300000,48.00000000,2.145
1749260723,2.06000000,255.40000000,2.145
1749260723,2.05800000,4.60000000,2.145
1749260723,2.05700000,7.00000000,2.145
1749260723,2.05600000,5.90000000,2.145
1749260723,2.05500000,41.80000000,2.145
1749260723,2.05400000,4.50000000,2.145
1749260723,2.05200000,457.40000000,2.145
1749260723,2.05100000,218.40000000,2.145
1749260723,2.05000000,9238.10000000,2.145
1749260723,2.04800000,17.50000000,2.145
1749260723,2.04700000,241.90000000,2.145
1749260723,2.04600000,37.50000000,2.145
1749260723,2.04500000,11.00000000,2.145
1749260723,2.04000000,215.50000000,2.145
1749260723,2.03900000,75.30000000,2.145
1749260723,2.03800000,71.10000000,2.145
1749260723,2.03700000,147.20000000,2.145
1749260723,2.03600000,9.40000000,2.145
1749260723,2.03500000,3.90000000,2.145
1749260723,2.03400000,673.00000000,2.145
1749260723,2.03300000,41.40000000,2.145
1749260723,2.03100000,9.20000000,2.145
1749260723,2.03000000,42.70000000,2.145
1749261043,2.14300000,225.00000000,2.143
1749261043,2.14200000,2008.40000000,2.143
1749261043,2.14100000,2323.40000000,2.143
1749261043,2.14000000,2759.10000000,2.143
1749261043,2.13900000,2968.80000000,2.143
1749261043,2.13800000,4917.40000000,2.143
1749261043,2.13700000,1006.30000000,2.143
1749261043,2.13600000,1757.80000000,2.143
1749261043,2.13500000,1006.50000000,2.143
1749261043,2.13400000,1676.20000000,2.143
1749261043,2.13300000,1541.30000000,2.143
1749261043,2.13200000,1491.00000000,2.143
1749261043,2.13100000,1067.30000000,2.143
1749261043,2.13000000,5312.20000000,2.143
1749261043,2.12900000,1006.00000000,2.143
1749261043,2.12800000,822.10000000,2.143
1749261043,2.12700000,356.80000000,2.143
1749261043,2.12600000,924.90000000,2.143
1749261043,2.12500000,5488.60000000,2.143
1749261043,2.12400000,638.80000000,2.143
1749261043,2.12300000,128.40000000,2.143
1749261043,2.12200000,588.80000000,2.143
1749261043,2.12100000,16585.10000000,2.143
1749261043,2.12000000,25743.60000000,2.143
1749261043,2.11900000,513.20000000,2.143
1749261043,2.11800000,614.00000000,2.143
1749261043,2.11700000,20.40000000,2.143
1749261043,2.11600000,1671.20000000,2.143
1749261043,2.11500000,206.40000000,2.143
1749261043,2.11400000,526.60000000,2.143
1749261043,2.11300000,21.50000000,2.143
1749261043,2.11200000,833.80000000,2.143
1749261043,2.11100000,609.80000000,2.143
1749261043,2.11000000,970.90000000,2.143
1749261043,2.10900000,1808.60000000,2.143
1749261043,2.10800000,1793.40000000,2.143
1749261043,2.10700000,51.80000000,2.143
1749261043,2.10600000,34.00000000,2.143
1749261043,2.10500000,1801.80000000,2.143
1749261043,2.10400000,12.70000000,2.143
1749261043,2.10300000,12.70000000,2.143
1749261043,2.10200000,1124.20000000,2.143
1749261043,2.10100000,68.70000000,2.143
1749261043,2.10000000,4671.80000000,2.143
1749261043,2.09900000,525.90000000,2.143
1749261043,2.09800000,493.40000000,2.143
1749261043,2.09700000,45.70000000,2.143
1749261043,2.09600000,528.20000000,2.143
1749261043,2.09500000,45.20000000,2.143
1749261043,2.09400000,19.30000000,2.143
1749261043,2.09300000,499.80000000,2.143
1749261043,2.09200000,8.90000000,2.143
1749261043,2.09100000,185.00000000,2.143
1749261043,2.09000000,498.20000000,2.143
1749261043,2.08900000,18.60000000,2.143
1749261043,2.08800000,153.00000000,2.143
1749261043,2.08700000,85.70000000,2.143
1749261043,2.08600000,37.30000000,2.143
1749261043,2.08500000,32.20000000,2.143
1749261043,2.08400000,5.90000000,2.143
1749261043,2.08300000,698.20000000,2.143
1749261043,2.08100000,6.70000000,2.143
1749261043,2.08000000,1944.80000000,2.143
1749261043,2.07900000,8.20000000,2.143
1749261043,2.07700000,6.10000000,2.143
1749261043,2.07600000,9.60000000,2.143
1749261043,2.07500000,18.70000000,2.143
1749261043,2.07400000,51.90000000,2.143
1749261043,2.07300000,228.10000000,2.143
1749261043,2.07200000,4.50000000,2.143
1749261043,2.07000000,94.90000000,2.143
1749261043,2.06900000,445.30000000,2.143
1749261043,2.06600000,12.80000000,2.143
1749261043,2.06500000,62.00000000,2.143
1749261043,2.06400000,14.90000000,2.143
1749261043,2.06300000,48.00000000,2.143
1749261043,2.06000000,255.40000000,2.143
1749261043,2.05800000,4.60000000,2.143
1749261043,2.05700000,7.00000000,2.143
1749261043,2.05600000,5.90000000,2.143
1749261043,2.05500000,41.80000000,2.143
1749261043,2.05400000,4.50000000,2.143
1749261043,2.05200000,457.40000000,2.143
1749261043,2.05100000,218.40000000,2.143
1749261043,2.05000000,9238.10000000,2.143
1749261043,2.04800000,17.50000000,2.143
1749261043,2.04700000,241.90000000,2.143
1749261043,2.04600000,37.50000000,2.143
1749261043,2.04500000,11.00000000,2.143
1749261043,2.04000000,215.50000000,2.143
1749261043,2.03900000,75.30000000,2.143
1749261043,2.03800000,71.10000000,2.143
1749261043,2.03700000,147.20000000,2.143
1749261043,2.03600000,9.40000000,2.143
1749261043,2.03500000,3.90000000,2.143
1749261043,2.03400000,673.00000000,2.143
1749261043,2.03300000,41.40000000,2.143
1749261043,2.03100000,9.20000000,2.143
1749261043,2.03000000,42.70000000,2.143
1749261043,2.02700000,5.90000000,2.143
1749261348,2.14400000,476.30000000,2.142
1749261348,2.14300000,1509.70000000,2.142
1749261348,2.14200000,2341.80000000,2.142
1749261348,2.14100000,1853.60000000,2.142
1749261348,2.14000000,2381.50000000,2.142
1749261348,2.13900000,1699.50000000,2.142
1749261348,2.13800000,2179.20000000,2.142
1749261348,2.13700000,1006.30000000,2.142
1749261348,2.13600000,3883.70000000,2.142
1749261348,2.13500000,1126.60000000,2.142
1749261348,2.13400000,1722.80000000,2.142
1749261348,2.13300000,1021.50000000,2.142
1749261348,2.13200000,1937.50000000,2.142
1749261348,2.13100000,1067.30000000,2.142
1749261348,2.13000000,5312.20000000,2.142
1749261348,2.12900000,1006.00000000,2.142
1749261348,2.12800000,588.80000000,2.142
1749261348,2.12700000,356.80000000,2.142
1749261348,2.12600000,924.90000000,2.142
1749261348,2.12500000,5488.60000000,2.142
1749261348,2.12400000,872.70000000,2.142
1749261348,2.12300000,128.40000000,2.142
1749261348,2.12200000,588.80000000,2.142
1749261348,2.12100000,16585.10000000,2.142
1749261348,2.12000000,25743.60000000,2.142
1749261348,2.11900000,513.20000000,2.142
1749261348,2.11800000,614.00000000,2.142
1749261348,2.11700000,20.40000000,2.142
1749261348,2.11600000,1558.70000000,2.142
1749261348,2.11500000,93.90000000,2.142
1749261348,2.11400000,526.60000000,2.142
1749261348,2.11300000,21.50000000,2.142
1749261348,2.11200000,869.20000000,2.142
1749261348,2.11100000,609.80000000,2.142
1749261348,2.11000000,970.90000000,2.142
1749261348,2.10900000,1808.60000000,2.142
1749261348,2.10800000,1793.40000000,2.142
1749261348,2.10700000,51.80000000,2.142
1749261348,2.10600000,34.00000000,2.142
1749261348,2.10500000,498.60000000,2.142
1749261348,2.10400000,12.70000000,2.142
1749261348,2.10300000,12.70000000,2.142
1749261348,2.10200000,1124.20000000,2.142
1749261348,2.10100000,68.70000000,2.142
1749261348,2.10000000,4671.80000000,2.142
1749261348,2.09900000,525.90000000,2.142
1749261348,2.09800000,1801.00000000,2.142
1749261348,2.09700000,45.70000000,2.142
1749261348,2.09600000,528.20000000,2.142
1749261348,2.09500000,45.20000000,2.142
1749261348,2.09400000,19.30000000,2.142
1749261348,2.09300000,499.80000000,2.142
1749261348,2.09200000,8.90000000,2.142
1749261348,2.09100000,185.00000000,2.142
1749261348,2.09000000,483.80000000,2.142
1749261348,2.08900000,18.60000000,2.142
1749261348,2.08800000,167.40000000,2.142
1749261348,2.08700000,85.70000000,2.142
1749261348,2.08600000,37.30000000,2.142
1749261348,2.08500000,32.20000000,2.142
1749261348,2.08400000,5.90000000,2.142
1749261348,2.08300000,698.20000000,2.142
1749261348,2.08100000,6.70000000,2.142
1749261348,2.08000000,1944.80000000,2.142
1749261348,2.07900000,8.20000000,2.142
1749261348,2.07700000,6.10000000,2.142
1749261348,2.07600000,9.60000000,2.142
1749261348,2.07500000,18.70000000,2.142
1749261348,2.07400000,51.90000000,2.142
1749261348,2.07300000,228.10000000,2.142
1749261348,2.07200000,4.50000000,2.142
1749261348,2.07000000,94.90000000,2.142
1749261348,2.06900000,445.30000000,2.142
1749261348,2.06600000,12.80000000,2.142
1749261348,2.06500000,62.00000000,2.142
1749261348,2.06400000,14.90000000,2.142
1749261348,2.06300000,48.00000000,2.142
1749261348,2.06000000,255.40000000,2.142
1749261348,2.05800000,4.60000000,2.142
1749261348,2.05700000,7.00000000,2.142
1749261348,2.05600000,5.90000000,2.142
1749261348,2.05500000,41.80000000,2.142
1749261348,2.05400000,4.50000000,2.142
1749261348,2.05200000,457.40000000,2.142
1749261348,2.05100000,218.40000000,2.142
1749261348,2.05000000,9238.10000000,2.142
1749261348,2.04800000,17.50000000,2.142
1749261348,2.04700000,241.90000000,2.142
1749261348,2.04600000,37.50000000,2.142
1749261348,2.04500000,11.00000000,2.142
1749261348,2.04000000,215.50000000,2.142
1749261348,2.03900000,75.30000000,2.142
1749261348,2.03800000,71.10000000,2.142
1749261348,2.03700000,147.20000000,2.142
1749261348,2.03600000,9.40000000,2.142
1749261348,2.03500000,3.90000000,2.142
1749261348,2.03400000,673.00000000,2.142
1749261348,2.03300000,41.40000000,2.142
1749261348,2.03100000,9.20000000,2.142
1749261348,2.03000000,42.70000000,2.142
1749261650,2.14400000,119.50000000,2.144
1749261650,2.14300000,1489.90000000,2.144
1749261650,2.14200000,2181.10000000,2.144
1749261650,2.14100000,2070.10000000,2.144
1749261650,2.14000000,2631.50000000,2.144
1749261650,2.13900000,1313.40000000,2.144
1749261650,2.13800000,1996.30000000,2.144
1749261650,2.13700000,1006.30000000,2.144
1749261650,2.13600000,1479.20000000,2.144
1749261650,2.13500000,1266.00000000,2.144
1749261650,2.13400000,4095.70000000,2.144
1749261650,2.13300000,1374.90000000,2.144
1749261650,2.13200000,1478.40000000,2.144
1749261650,2.13100000,1067.30000000,2.144
1749261650,2.13000000,5312.20000000,2.144
1749261650,2.12900000,828.30000000,2.144
1749261650,2.12800000,588.80000000,2.144
1749261650,2.12700000,734.30000000,2.144
1749261650,2.12600000,597.70000000,2.144
1749261650,2.12500000,5488.60000000,2.144
1749261650,2.12400000,822.70000000,2.144
1749261650,2.12300000,128.40000000,2.144
1749261650,2.12200000,588.80000000,2.144
1749261650,2.12100000,16585.10000000,2.144
1749261650,2.12000000,25743.60000000,2.144
1749261650,2.11900000,513.20000000,2.144
1749261650,2.11800000,614.00000000,2.144
1749261650,2.11700000,20.40000000,2.144
1749261650,2.11600000,1671.20000000,2.144
1749261650,2.11500000,93.90000000,2.144
1749261650,2.11400000,526.60000000,2.144
1749261650,2.11300000,1441.20000000,2.144
1749261650,2.11200000,822.00000000,2.144
1749261650,2.11100000,609.80000000,2.144
1749261650,2.11000000,970.90000000,2.144
1749261650,2.10900000,386.20000000,2.144
1749261650,2.10800000,1793.40000000,2.144
1749261650,2.10700000,51.80000000,2.144
1749261650,2.10600000,666.90000000,2.144
1749261650,2.10500000,498.60000000,2.144
1749261650,2.10400000,12.70000000,2.144
1749261650,2.10300000,1317.20000000,2.144
1749261650,2.10200000,490.00000000,2.144
1749261650,2.10100000,210.10000000,2.144
1749261650,2.10000000,4530.30000000,2.144
1749261650,2.09900000,525.90000000,2.144
1749261650,2.09800000,493.40000000,2.144
1749261650,2.09700000,45.70000000,2.144
1749261650,2.09600000,528.20000000,2.144
1749261650,2.09500000,45.20000000,2.144
1749261650,2.09400000,19.30000000,2.144
1749261650,2.09300000,499.80000000,2.144
1749261650,2.09200000,8.90000000,2.144
1749261650,2.09100000,185.00000000,2.144
1749261650,2.09000000,498.20000000,2.144
1749261650,2.08900000,18.60000000,2.144
1749261650,2.08800000,153.00000000,2.144
1749261650,2.08700000,85.70000000,2.144
1749261650,2.08600000,37.30000000,2.144
1749261650,2.08500000,32.20000000,2.144
1749261650,2.08400000,5.90000000,2.144
1749261650,2.08300000,698.20000000,2.144
1749261650,2.08100000,6.70000000,2.144
1749261650,2.08000000,1944.80000000,2.144
1749261650,2.07900000,8.20000000,2.144
1749261650,2.07700000,6.10000000,2.144
1749261650,2.07600000,9.60000000,2.144
1749261650,2.07500000,18.70000000,2.144
1749261650,2.07400000,51.90000000,2.144
1749261650,2.07300000,228.10000000,2.144
1749261650,2.07200000,4.50000000,2.144
1749261650,2.07000000,94.90000000,2.144
1749261650,2.06900000,445.30000000,2.144
1749261650,2.06600000,12.80000000,2.144
1749261650,2.06500000,62.00000000,2.144
1749261650,2.06400000,14.90000000,2.144
1749261650,2.06300000,48.00000000,2.144
1749261650,2.06000000,255.40000000,2.144
1749261650,2.05800000,4.60000000,2.144
1749261650,2.05700000,7.00000000,2.144
1749261650,2.05600000,5.90000000,2.144
1749261650,2.05500000,41.80000000,2.144
1749261650,2.05400000,4.50000000,2.144
1749261650,2.05200000,457.40000000,2.144
1749261650,2.05100000,218.40000000,2.144
1749261650,2.05000000,9238.10000000,2.144
1749261650,2.04800000,17.50000000,2.144
1749261650,2.04700000,241.90000000,2.144
1749261650,2.04600000,37.50000000,2.144
1749261650,2.04500000,11.00000000,2.144
1749261650,2.04000000,215.50000000,2.144
1749261650,2.03900000,75.30000000,2.144
1749261650,2.03800000,71.10000000,2.144
1749261650,2.03700000,147.20000000,2.144
1749261650,2.03600000,9.40000000,2.144
1749261650,2.03500000,3.90000000,2.144
1749261650,2.03400000,673.00000000,2.144
1749261650,2.03300000,41.40000000,2.144
1749261650,2.03100000,9.20000000,2.144
1749261650,2.03000000,42.70000000,2.144
1749261956,2.13500000,441.70000000,2.136
1749261956,2.13400000,2334.40000000,2.136
1749261956,2.13300000,2236.40000000,2.136
1749261956,2.13200000,2950.60000000,2.136
1749261956,2.13100000,3470.10000000,2.136
1749261956,2.13000000,5656.50000000,2.136
1749261956,2.12900000,1005.90000000,2.136
1749261956,2.12800000,770.00000000,2.136
1749261956,2.12700000,1223.70000000,2.136
1749261956,2.12600000,1762.80000000,2.136
1749261956,2.12500000,5491.00000000,2.136
1749261956,2.12400000,4046.30000000,2.136
1749261956,2.12300000,306.70000000,2.136
1749261956,2.12200000,1475.80000000,2.136
1749261956,2.12100000,1331.30000000,2.136
1749261956,2.12000000,26799.80000000,2.136
1749261956,2.11900000,834.30000000,2.136
1749261956,2.11800000,664.30000000,2.136
1749261956,2.11700000,16520.50000000,2.136
1749261956,2.11600000,1671.20000000,2.136
1749261956,2.11500000,206.40000000,2.136
1749261956,2.11400000,928.30000000,2.136
1749261956,2.11300000,461.70000000,2.136
1749261956,2.11200000,934.50000000,2.136
1749261956,2.11100000,652.70000000,2.136
1749261956,2.11000000,1083.40000000,2.136
1749261956,2.10900000,10.60000000,2.136
1749261956,2.10800000,604.50000000,2.136
1749261956,2.10700000,51.80000000,2.136
1749261956,2.10600000,146.50000000,2.136
1749261956,2.10500000,546.00000000,2.136
1749261956,2.10400000,1564.20000000,2.136
1749261956,2.10300000,1693.90000000,2.136
1749261956,2.10200000,495.20000000,2.136
1749261956,2.10100000,68.70000000,2.136
1749261956,2.10000000,4483.20000000,2.136
1749261956,2.09900000,525.90000000,2.136
1749261956,2.09800000,493.40000000,2.136
1749261956,2.09700000,681.40000000,2.136
1749261956,2.09600000,1837.00000000,2.136
1749261956,2.09500000,234.60000000,2.136
1749261956,2.09400000,19.30000000,2.136
1749261956,2.09300000,499.80000000,2.136
1749261956,2.09200000,8.90000000,2.136
1749261956,2.09100000,232.30000000,2.136
1749261956,2.09000000,483.80000000,2.136
1749261956,2.08900000,18.60000000,2.136
1749261956,2.08800000,153.00000000,2.136
1749261956,2.08700000,85.70000000,2.136
1749261956,2.08600000,37.30000000,2.136
1749261956,2.08500000,46.60000000,2.136
1749261956,2.08400000,5.90000000,2.136
1749261956,2.08300000,698.20000000,2.136
1749261956,2.08100000,54.60000000,2.136
1749261956,2.08000000,1944.80000000,2.136
1749261956,2.07900000,8.20000000,2.136
1749261956,2.07700000,6.10000000,2.136
1749261956,2.07600000,9.60000000,2.136
1749261956,2.07500000,18.70000000,2.136
1749261956,2.07400000,100.00000000,2.136
1749261956,2.07300000,228.10000000,2.136
1749261956,2.07200000,4.50000000,2.136
1749261956,2.07000000,94.90000000,2.136
1749261956,2.06900000,445.30000000,2.136
1749261956,2.06600000,12.80000000,2.136
1749261956,2.06500000,62.00000000,2.136
1749261956,2.06400000,14.90000000,2.136
1749261956,2.06300000,48.00000000,2.136
1749261956,2.06000000,255.40000000,2.136
1749261956,2.05800000,4.60000000,2.136
1749261956,2.05700000,7.00000000,2.136
1749261956,2.05600000,5.90000000,2.136
1749261956,2.05500000,41.80000000,2.136
1749261956,2.05400000,4.50000000,2.136
1749261956,2.05200000,457.40000000,2.136
1749261956,2.05100000,218.40000000,2.136
1749261956,2.05000000,9238.10000000,2.136
1749261956,2.04800000,17.50000000,2.136
1749261956,2.04700000,241.90000000,2.136
1749261956,2.04600000,37.50000000,2.136
1749261956,2.04500000,6.10000000,2.136
1749261956,2.04000000,215.50000000,2.136
1749261956,2.03900000,75.30000000,2.136
1749261956,2.03800000,71.10000000,2.136
1749261956,2.03700000,147.20000000,2.136
1749261956,2.03600000,9.40000000,2.136
1749261956,2.03500000,3.90000000,2.136
1749261956,2.03400000,673.00000000,2.136
1749261956,2.03300000,41.40000000,2.136
1749261956,2.03200000,5.00000000,2.136
1749261956,2.03100000,4.20000000,2.136
1749261956,2.03000000,42.70000000,2.136
1749261956,2.02900000,5.00000000,2.136
1749261956,2.02700000,5.90000000,2.136
1749261956,2.02500000,45.70000000,2.136
1749261956,2.02200000,4.20000000,2.136
1749261956,2.02100000,7.50000000,2.136
1749261956,2.02000000,10.80000000,2.136
1749261956,2.01800000,9.00000000,2.136
1749261956,2.01700000,39.50000000,2.136
1749262258,2.14300000,406.80000000,2.143
1749262258,2.14200000,2096.80000000,2.143
1749262258,2.14100000,2038.00000000,2.143
1749262258,2.14000000,2278.10000000,2.143
1749262258,2.13900000,1759.40000000,2.143
1749262258,2.13800000,2149.80000000,2.143
1749262258,2.13700000,1137.00000000,2.143
1749262258,2.13600000,1748.80000000,2.143
1749262258,2.13500000,1236.60000000,2.143
1749262258,2.13400000,1758.10000000,2.143
1749262258,2.13300000,1176.70000000,2.143
1749262258,2.13200000,1538.70000000,2.143
1749262258,2.13100000,1160.20000000,2.143
1749262258,2.13000000,8094.40000000,2.143
1749262258,2.12900000,1005.90000000,2.143
1749262258,2.12800000,1124.70000000,2.143
1749262258,2.12700000,1010.70000000,2.143
1749262258,2.12600000,1487.80000000,2.143
1749262258,2.12500000,4909.80000000,2.143
1749262258,2.12400000,1585.30000000,2.143
1749262258,2.12300000,128.40000000,2.143
1749262258,2.12200000,1344.40000000,2.143
1749262258,2.12100000,17621.90000000,2.143
1749262258,2.12000000,26799.80000000,2.143
1749262258,2.11900000,125.70000000,2.143
1749262258,2.11800000,614.00000000,2.143
1749262258,2.11700000,20.40000000,2.143
1749262258,2.11600000,1732.00000000,2.143
1749262258,2.11500000,206.40000000,2.143
1749262258,2.11400000,881.10000000,2.143
1749262258,2.11300000,349.20000000,2.143
1749262258,2.11200000,822.00000000,2.143
1749262258,2.11100000,484.50000000,2.143
1749262258,2.11000000,970.90000000,2.143
1749262258,2.10900000,10.60000000,2.143
1749262258,2.10800000,539.30000000,2.143
1749262258,2.10700000,1475.50000000,2.143
1749262258,2.10600000,34.00000000,2.143
1749262258,2.10500000,498.60000000,2.143
1749262258,2.10400000,138.40000000,2.143
1749262258,2.10300000,1741.30000000,2.143
1749262258,2.10200000,490.00000000,2.143
1749262258,2.10100000,68.70000000,2.143
1749262258,2.10000000,5306.50000000,2.143
1749262258,2.09900000,525.90000000,2.143
1749262258,2.09800000,493.40000000,2.143
1749262258,2.09700000,93.30000000,2.143
1749262258,2.09600000,528.20000000,2.143
1749262258,2.09500000,1354.70000000,2.143
1749262258,2.09400000,19.30000000,2.143
1749262258,2.09300000,499.80000000,2.143
1749262258,2.09200000,8.90000000,2.143
1749262258,2.09100000,185.00000000,2.143
1749262258,2.09000000,483.80000000,2.143
1749262258,2.08900000,18.60000000,2.143
1749262258,2.08800000,153.00000000,2.143
1749262258,2.08700000,85.70000000,2.143
1749262258,2.08600000,85.10000000,2.143
1749262258,2.08500000,32.20000000,2.143
1749262258,2.08400000,20.30000000,2.143
1749262258,2.08300000,698.20000000,2.143
1749262258,2.08100000,6.70000000,2.143
1749262258,2.08000000,1944.80000000,2.143
1749262258,2.07900000,8.20000000,2.143
1749262258,2.07700000,6.10000000,2.143
1749262258,2.07600000,9.60000000,2.143
1749262258,2.07500000,66.80000000,2.143
1749262258,2.07400000,51.90000000,2.143
1749262258,2.07300000,228.10000000,2.143
1749262258,2.07200000,4.50000000,2.143
1749262258,2.07000000,94.90000000,2.143
1749262258,2.06900000,445.30000000,2.143
1749262258,2.06600000,12.80000000,2.143
1749262258,2.06500000,62.00000000,2.143
1749262258,2.06400000,14.90000000,2.143
1749262258,2.06300000,48.00000000,2.143
1749262258,2.06000000,255.40000000,2.143
1749262258,2.05800000,4.60000000,2.143
1749262258,2.05700000,7.00000000,2.143
1749262258,2.05600000,5.90000000,2.143
1749262258,2.05500000,41.80000000,2.143
1749262258,2.05400000,4.50000000,2.143
1749262258,2.05200000,457.40000000,2.143
1749262258,2.05100000,218.40000000,2.143
1749262258,2.05000000,9238.10000000,2.143
1749262258,2.04800000,17.50000000,2.143
1749262258,2.04700000,241.90000000,2.143
1749262258,2.04600000,37.50000000,2.143
1749262258,2.04500000,6.10000000,2.143
1749262258,2.04000000,215.50000000,2.143
1749262258,2.03900000,75.30000000,2.143
1749262258,2.03800000,71.10000000,2.143
1749262258,2.03700000,147.20000000,2.143
1749262258,2.03600000,9.40000000,2.143
1749262258,2.03500000,3.90000000,2.143
1749262258,2.03400000,673.00000000,2.143
1749262258,2.03300000,41.40000000,2.143
1749262258,2.03200000,5.00000000,2.143
1749262258,2.03100000,4.20000000,2.143
1749262258,2.03000000,42.70000000,2.143
1749262560,2.14500000,225.00000000,2.145
1749262560,2.14400000,1342.60000000,2.145
1749262560,2.14300000,1725.60000000,2.145
1749262560,2.14200000,2253.10000000,2.145
1749262560,2.14100000,2158.60000000,2.145
1749262560,2.14000000,2092.30000000,2.145
1749262560,2.13900000,1464.30000000,2.145
1749262560,2.13800000,1739.30000000,2.145
1749262560,2.13700000,3409.90000000,2.145
1749262560,2.13600000,1692.90000000,2.145
1749262560,2.13500000,1146.10000000,2.145
1749262560,2.13400000,1595.60000000,2.145
1749262560,2.13300000,1022.50000000,2.145
1749262560,2.13200000,1479.40000000,2.145
1749262560,2.13100000,1537.40000000,2.145
1749262560,2.13000000,5490.20000000,2.145
1749262560,2.12900000,828.30000000,2.145
1749262560,2.12800000,592.40000000,2.145
1749262560,2.12700000,1206.30000000,2.145
1749262560,2.12600000,833.90000000,2.145
1749262560,2.12500000,5488.60000000,2.145
1749262560,2.12400000,822.70000000,2.145
1749262560,2.12300000,128.40000000,2.145
1749262560,2.12200000,635.80000000,2.145
1749262560,2.12100000,16533.20000000,2.145
1749262560,2.12000000,25505.80000000,2.145
1749262560,2.11900000,452.50000000,2.145
1749262560,2.11800000,501.50000000,2.145
1749262560,2.11700000,20.40000000,2.145
1749262560,2.11600000,1558.70000000,2.145
1749262560,2.11500000,93.90000000,2.145
1749262560,2.11400000,768.60000000,2.145
1749262560,2.11300000,21.50000000,2.145
1749262560,2.11200000,822.00000000,2.145
1749262560,2.11100000,656.70000000,2.145
1749262560,2.11000000,2392.60000000,2.145
1749262560,2.10900000,386.20000000,2.145
1749262560,2.10800000,3094.80000000,2.145
1749262560,2.10700000,51.80000000,2.145
1749262560,2.10600000,34.00000000,2.145
1749262560,2.10500000,639.70000000,2.145
1749262560,2.10400000,12.70000000,2.145
1749262560,2.10300000,646.50000000,2.145
1749262560,2.10200000,490.00000000,2.145
1749262560,2.10100000,68.70000000,2.145
1749262560,2.10000000,4530.30000000,2.145
1749262560,2.09900000,525.90000000,2.145
1749262560,2.09800000,493.40000000,2.145
1749262560,2.09700000,45.70000000,2.145
1749262560,2.09600000,528.20000000,2.145
1749262560,2.09500000,45.20000000,2.145
1749262560,2.09400000,19.30000000,2.145
1749262560,2.09300000,499.80000000,2.145
1749262560,2.09200000,8.90000000,2.145
1749262560,2.09100000,199.40000000,2.145
1749262560,2.09000000,483.80000000,2.145
1749262560,2.08900000,18.60000000,2.145
1749262560,2.08800000,153.00000000,2.145
1749262560,2.08700000,85.70000000,2.145
1749262560,2.08600000,37.30000000,2.145
1749262560,2.08500000,32.20000000,2.145
1749262560,2.08400000,5.90000000,2.145
1749262560,2.08300000,698.20000000,2.145
1749262560,2.08100000,6.70000000,2.145
1749262560,2.08000000,1944.80000000,2.145
1749262560,2.07900000,8.20000000,2.145
1749262560,2.07700000,6.10000000,2.145
1749262560,2.07600000,9.60000000,2.145
1749262560,2.07500000,18.70000000,2.145
1749262560,2.07400000,51.90000000,2.145
1749262560,2.07300000,228.10000000,2.145
1749262560,2.07200000,4.50000000,2.145
1749262560,2.07000000,94.90000000,2.145
1749262560,2.06900000,445.30000000,2.145
1749262560,2.06600000,12.80000000,2.145
1749262560,2.06500000,62.00000000,2.145
1749262560,2.06400000,14.90000000,2.145
1749262560,2.06300000,48.00000000,2.145
1749262560,2.06000000,255.40000000,2.145
1749262560,2.05800000,4.60000000,2.145
1749262560,2.05700000,7.00000000,2.145
1749262560,2.05600000,5.90000000,2.145
1749262560,2.05500000,41.80000000,2.145
1749262560,2.05400000,4.50000000,2.145
1749262560,2.05200000,457.40000000,2.145
1749262560,2.05100000,218.40000000,2.145
1749262560,2.05000000,14238.10000000,2.145
1749262560,2.04800000,17.50000000,2.145
1749262560,2.04700000,241.90000000,2.145
1749262560,2.04600000,37.50000000,2.145
1749262560,2.04500000,6.10000000,2.145
1749262560,2.04000000,215.50000000,2.145
1749262560,2.03900000,75.30000000,2.145
1749262560,2.03800000,71.10000000,2.145
1749262560,2.03700000,147.20000000,2.145
1749262560,2.03600000,9.40000000,2.145
1749262560,2.03500000,3.90000000,2.145
1749262560,2.03400000,673.00000000,2.145
1749262560,2.03300000,41.40000000,2.145
1749262560,2.03200000,5.00000000,2.145
1749262868,2.14400000,441.30000000,2.145
1749262868,2.14300000,1346.90000000,2.145
1749262868,2.14200000,2373.80000000,2.145
1749262868,2.14100000,2509.60000000,2.145
1749262868,2.14000000,2529.00000000,2.145
1749262868,2.13900000,1583.20000000,2.145
1749262868,2.13800000,1739.30000000,2.145
1749262868,2.13700000,1006.40000000,2.145
1749262868,2.13600000,1572.50000000,2.145
1749262868,2.13500000,3579.20000000,2.145
1749262868,2.13400000,1688.40000000,2.145
1749262868,2.13300000,1022.50000000,2.145
1749262868,2.13200000,1832.90000000,2.145
1749262868,2.13100000,1067.30000000,2.145
1749262868,2.13000000,5312.20000000,2.145
1749262868,2.12900000,828.30000000,2.145
1749262868,2.12800000,588.80000000,2.145
1749262868,2.12700000,734.70000000,2.145
1749262868,2.12600000,644.60000000,2.145
1749262868,2.12500000,5488.60000000,2.145
1749262868,2.12400000,822.70000000,2.145
1749262868,2.12300000,128.40000000,2.145
1749262868,2.12200000,588.80000000,2.145
1749262868,2.12100000,16533.20000000,2.145
1749262868,2.12000000,25743.60000000,2.145
1749262868,2.11900000,452.50000000,2.145
1749262868,2.11800000,501.50000000,2.145
1749262868,2.11700000,20.40000000,2.145
1749262868,2.11600000,1558.70000000,2.145
1749262868,2.11500000,93.90000000,2.145
1749262868,2.11400000,530.20000000,2.145
1749262868,2.11300000,21.50000000,2.145
1749262868,2.11200000,869.20000000,2.145
1749262868,2.11100000,609.50000000,2.145
1749262868,2.11000000,2392.60000000,2.145
1749262868,2.10900000,386.20000000,2.145
1749262868,2.10800000,3094.80000000,2.145
1749262868,2.10700000,51.80000000,2.145
1749262868,2.10600000,34.00000000,2.145
1749262868,2.10500000,639.70000000,2.145
1749262868,2.10400000,12.70000000,2.145
1749262868,2.10300000,646.50000000,2.145
1749262868,2.10200000,490.00000000,2.145
1749262868,2.10100000,68.70000000,2.145
1749262868,2.10000000,4530.30000000,2.145
1749262868,2.09900000,525.90000000,2.145
1749262868,2.09800000,493.40000000,2.145
1749262868,2.09700000,45.70000000,2.145
1749262868,2.09600000,528.20000000,2.145
1749262868,2.09500000,45.20000000,2.145
1749262868,2.09400000,19.30000000,2.145
1749262868,2.09300000,499.80000000,2.145
1749262868,2.09200000,8.90000000,2.145
1749262868,2.09100000,199.40000000,2.145
1749262868,2.09000000,483.80000000,2.145
1749262868,2.08900000,18.60000000,2.145
1749262868,2.08800000,153.00000000,2.145
1749262868,2.08700000,85.70000000,2.145
1749262868,2.08600000,37.30000000,2.145
1749262868,2.08500000,32.20000000,2.145
1749262868,2.08400000,5.90000000,2.145
1749262868,2.08300000,698.20000000,2.145
1749262868,2.08100000,6.70000000,2.145
1749262868,2.08000000,1944.80000000,2.145
1749262868,2.07900000,8.20000000,2.145
1749262868,2.07700000,6.10000000,2.145
1749262868,2.07600000,9.60000000,2.145
1749262868,2.07500000,18.70000000,2.145
1749262868,2.07400000,51.90000000,2.145
1749262868,2.07300000,228.10000000,2.145
1749262868,2.07200000,4.50000000,2.145
1749262868,2.07000000,94.90000000,2.145
1749262868,2.06900000,445.30000000,2.145
1749262868,2.06600000,12.80000000,2.145
1749262868,2.06500000,62.00000000,2.145
1749262868,2.06400000,14.90000000,2.145
1749262868,2.06300000,48.00000000,2.145
1749262868,2.06000000,255.40000000,2.145
1749262868,2.05800000,4.60000000,2.145
1749262868,2.05700000,7.00000000,2.145
1749262868,2.05600000,5.90000000,2.145
1749262868,2.05500000,41.80000000,2.145
1749262868,2.05400000,4.50000000,2.145
1749262868,2.05200000,457.40000000,2.145
1749262868,2.05100000,218.40000000,2.145
1749262868,2.05000000,14238.10000000,2.145
1749262868,2.04800000,17.50000000,2.145
1749262868,2.04700000,241.90000000,2.145
1749262868,2.04600000,37.50000000,2.145
1749262868,2.04500000,6.10000000,2.145
1749262868,2.04000000,215.50000000,2.145
1749262868,2.03900000,75.30000000,2.145
1749262868,2.03800000,71.10000000,2.145
1749262868,2.03700000,147.20000000,2.145
1749262868,2.03600000,9.40000000,2.145
1749262868,2.03500000,3.90000000,2.145
1749262868,2.03400000,673.00000000,2.145
1749262868,2.03300000,41.40000000,2.145
1749262868,2.03200000,5.00000000,2.145
1749262868,2.03100000,4.20000000,2.145
1749263170,2.15500000,148.30000000,2.157
1749263170,2.15400000,2237.60000000,2.157
1749263170,2.15300000,2257.60000000,2.157
1749263170,2.15200000,2371.90000000,2.157
1749263170,2.15100000,1851.70000000,2.157
1749263170,2.15000000,1747.80000000,2.157
1749263170,2.14900000,1005.00000000,2.157
1749263170,2.14800000,1477.90000000,2.157
1749263170,2.14700000,1005.30000000,2.157
1749263170,2.14600000,1645.30000000,2.157
1749263170,2.14500000,1005.50000000,2.157
1749263170,2.14400000,1490.90000000,2.157
1749263170,2.14300000,3407.70000000,2.157
1749263170,2.14200000,1595.10000000,2.157
1749263170,2.14100000,1122.00000000,2.157
1749263170,2.14000000,1478.90000000,2.157
1749263170,2.13900000,1356.60000000,2.157
1749263170,2.13800000,1301.00000000,2.157
1749263170,2.13700000,828.30000000,2.157
1749263170,2.13600000,892.40000000,2.157
1749263170,2.13500000,116.10000000,2.157
1749263170,2.13400000,593.00000000,2.157
1749263170,2.13300000,132.00000000,2.157
1749263170,2.13200000,2350.50000000,2.157
1749263170,2.13100000,16616.00000000,2.157
1749263170,2.13000000,4600.00000000,2.157
1749263170,2.12900000,116.10000000,2.157
1749263170,2.12800000,588.80000000,2.157
1749263170,2.12700000,120.60000000,2.157
1749263170,2.12600000,597.70000000,2.157
1749263170,2.12500000,4197.60000000,2.157
1749263170,2.12400000,483.70000000,2.157
1749263170,2.12300000,15.90000000,2.157
1749263170,2.12200000,1937.00000000,2.157
1749263170,2.12100000,442.80000000,2.157
1749263170,2.12000000,25505.80000000,2.157
1749263170,2.11900000,13.20000000,2.157
1749263170,2.11800000,626.00000000,2.157
1749263170,2.11700000,20.40000000,2.157
1749263170,2.11600000,1602.20000000,2.157
1749263170,2.11500000,702.70000000,2.157
1749263170,2.11400000,3122.00000000,2.157
1749263170,2.11300000,21.50000000,2.157
1749263170,2.11200000,822.00000000,2.157
1749263170,2.11100000,620.00000000,2.157
1749263170,2.11000000,1065.10000000,2.157
1749263170,2.10900000,10.60000000,2.157
1749263170,2.10800000,492.00000000,2.157
1749263170,2.10700000,51.80000000,2.157
1749263170,2.10600000,34.00000000,2.157
1749263170,2.10500000,498.60000000,2.157
1749263170,2.10400000,12.70000000,2.157
1749263170,2.10300000,12.70000000,2.157
1749263170,2.10200000,490.00000000,2.157
1749263170,2.10100000,68.70000000,2.157
1749263170,2.10000000,4497.40000000,2.157
1749263170,2.09900000,573.40000000,2.157
1749263170,2.09800000,493.40000000,2.157
1749263170,2.09700000,45.70000000,2.157
1749263170,2.09600000,575.40000000,2.157
1749263170,2.09500000,45.20000000,2.157
1749263170,2.09400000,19.30000000,2.157
1749263170,2.09300000,499.80000000,2.157
1749263170,2.09200000,8.90000000,2.157
1749263170,2.09100000,232.70000000,2.157
1749263170,2.09000000,483.80000000,2.157
1749263170,2.08900000,18.60000000,2.157
1749263170,2.08800000,153.00000000,2.157
1749263170,2.08700000,38.30000000,2.157
1749263170,2.08600000,265.30000000,2.157
1749263170,2.08500000,79.60000000,2.157
1749263170,2.08400000,5.90000000,2.157
1749263170,2.08300000,698.20000000,2.157
1749263170,2.08100000,6.70000000,2.157
1749263170,2.08000000,1944.80000000,2.157
1749263170,2.07900000,8.20000000,2.157
1749263170,2.07700000,6.10000000,2.157
1749263170,2.07600000,9.60000000,2.157
1749263170,2.07500000,18.70000000,2.157
1749263170,2.07400000,4.20000000,2.157
1749263170,2.07200000,4.50000000,2.157
1749263170,2.07000000,94.90000000,2.157
1749263170,2.06900000,445.30000000,2.157
1749263170,2.06600000,12.80000000,2.157
1749263170,2.06500000,62.00000000,2.157
1749263170,2.06400000,14.90000000,2.157
1749263170,2.06300000,48.00000000,2.157
1749263170,2.06000000,12.70000000,2.157
1749263170,2.05800000,4.60000000,2.157
1749263170,2.05700000,7.00000000,2.157
1749263170,2.05600000,5.90000000,2.157
1749263170,2.05500000,41.80000000,2.157
1749263170,2.05400000,4.50000000,2.157
1749263170,2.05200000,457.40000000,2.157
1749263170,2.05100000,218.40000000,2.157
1749263170,2.05000000,14238.10000000,2.157
1749263170,2.04800000,17.50000000,2.157
1749263170,2.04700000,241.90000000,2.157
1749263170,2.04600000,37.50000000,2.157
1749263170,2.04500000,6.10000000,2.157
1749263477,2.15000000,683.10000000,2.151
1749263477,2.14900000,2044.70000000,2.151
1749263477,2.14800000,2225.10000000,2.151
1749263477,2.14700000,2149.20000000,2.151
1749263477,2.14600000,2456.00000000,2.151
1749263477,2.14500000,1005.50000000,2.151
1749263477,2.14400000,1676.90000000,2.151
1749263477,2.14300000,1010.00000000,2.151
1749263477,2.14200000,1828.00000000,2.151
1749263477,2.14100000,1103.60000000,2.151
1749263477,2.14000000,1631.00000000,2.151
1749263477,2.13900000,1105.40000000,2.151
1749263477,2.13800000,3497.70000000,2.151
1749263477,2.13700000,765.50000000,2.151
1749263477,2.13600000,606.60000000,2.151
1749263477,2.13500000,116.10000000,2.151
1749263477,2.13400000,639.70000000,2.151
1749263477,2.13300000,535.00000000,2.151
1749263477,2.13200000,1875.50000000,2.151
1749263477,2.13100000,177.50000000,2.151
1749263477,2.13000000,4600.00000000,2.151
1749263477,2.12900000,116.10000000,2.151
1749263477,2.12800000,588.80000000,2.151
1749263477,2.12700000,8.10000000,2.151
1749263477,2.12600000,658.20000000,2.151
1749263477,2.12500000,20682.50000000,2.151
1749263477,2.12400000,588.80000000,2.151
1749263477,2.12300000,15.90000000,2.151
1749263477,2.12200000,588.80000000,2.151
1749263477,2.12100000,246.30000000,2.151
1749263477,2.12000000,25505.80000000,2.151
1749263477,2.11900000,13.20000000,2.151
1749263477,2.11800000,622.40000000,2.151
1749263477,2.11700000,16.80000000,2.151
1749263477,2.11600000,2972.80000000,2.151
1749263477,2.11500000,72.50000000,2.151
1749263477,2.11400000,2199.00000000,2.151
1749263477,2.11300000,68.70000000,2.151
1749263477,2.11200000,822.00000000,2.151
1749263477,2.11100000,620.00000000,2.151
1749263477,2.11000000,1017.80000000,2.151
1749263477,2.10900000,1943.40000000,2.151
1749263477,2.10800000,492.00000000,2.151
1749263477,2.10700000,51.80000000,2.151
1749263477,2.10600000,34.00000000,2.151
1749263477,2.10500000,498.60000000,2.151
1749263477,2.10400000,12.70000000,2.151
1749263477,2.10300000,12.70000000,2.151
1749263477,2.10200000,490.00000000,2.151
1749263477,2.10100000,68.70000000,2.151
1749263477,2.10000000,4483.20000000,2.151
1749263477,2.09900000,540.20000000,2.151
1749263477,2.09800000,493.40000000,2.151
1749263477,2.09700000,93.30000000,2.151
1749263477,2.09600000,575.40000000,2.151
1749263477,2.09500000,45.20000000,2.151
1749263477,2.09400000,19.30000000,2.151
1749263477,2.09300000,499.80000000,2.151
1749263477,2.09200000,8.90000000,2.151
1749263477,2.09100000,185.00000000,2.151
1749263477,2.09000000,483.80000000,2.151
1749263477,2.08900000,18.60000000,2.151
1749263477,2.08800000,153.00000000,2.151
1749263477,2.08700000,38.30000000,2.151
1749263477,2.08600000,265.30000000,2.151
1749263477,2.08500000,127.40000000,2.151
1749263477,2.08400000,5.90000000,2.151
1749263477,2.08300000,698.20000000,2.151
1749263477,2.08100000,6.70000000,2.151
1749263477,2.08000000,1944.80000000,2.151
1749263477,2.07900000,8.20000000,2.151
1749263477,2.07700000,6.10000000,2.151
1749263477,2.07600000,9.60000000,2.151
1749263477,2.07500000,18.70000000,2.151
1749263477,2.07400000,4.20000000,2.151
1749263477,2.07200000,4.50000000,2.151
1749263477,2.07000000,94.90000000,2.151
1749263477,2.06900000,445.30000000,2.151
1749263477,2.06600000,12.80000000,2.151
1749263477,2.06500000,62.00000000,2.151
1749263477,2.06400000,14.90000000,2.151
1749263477,2.06300000,48.00000000,2.151
1749263477,2.06000000,12.70000000,2.151
1749263477,2.05800000,4.60000000,2.151
1749263477,2.05700000,7.00000000,2.151
1749263477,2.05600000,5.90000000,2.151
1749263477,2.05500000,41.80000000,2.151
1749263477,2.05400000,4.50000000,2.151
1749263477,2.05200000,457.40000000,2.151
1749263477,2.05100000,218.40000000,2.151
1749263477,2.05000000,14238.10000000,2.151
1749263477,2.04800000,17.50000000,2.151
1749263477,2.04700000,241.90000000,2.151
1749263477,2.04600000,37.50000000,2.151
1749263477,2.04500000,6.10000000,2.151
1749263477,2.04000000,215.50000000,2.151
1749263477,2.03900000,75.30000000,2.151
1749263477,2.03800000,71.10000000,2.151
1749263477,2.03700000,147.20000000,2.151
1749263477,2.03600000,9.40000000,2.151
1749263783,2.15200000,232.00000000,2.152
1749263783,2.15100000,1659.60000000,2.152
1749263783,2.15000000,2320.20000000,2.152
1749263783,2.14900000,1873.90000000,2.152
1749263783,2.14800000,2275.70000000,2.152
1749263783,2.14700000,1572.10000000,2.152
1749263783,2.14600000,1478.10000000,2.152
1749263783,2.14500000,1098.70000000,2.152
1749263783,2.14400000,1478.20000000,2.152
1749263783,2.14300000,1227.50000000,2.152
1749263783,2.14200000,1720.20000000,2.152
1749263783,2.14100000,1244.80000000,2.152
1749263783,2.14000000,3972.10000000,2.152
1749263783,2.13900000,1006.20000000,2.152
1749263783,2.13800000,1083.10000000,2.152
1749263783,2.13700000,765.50000000,2.152
1749263783,2.13600000,656.10000000,2.152
1749263783,2.13500000,467.80000000,2.152
1749263783,2.13400000,593.00000000,2.152
1749263783,2.13300000,178.80000000,2.152
1749263783,2.13200000,1875.50000000,2.152
1749263783,2.13100000,177.50000000,2.152
1749263783,2.13000000,5075.00000000,2.152
1749263783,2.12900000,116.10000000,2.152
1749263783,2.12800000,588.80000000,2.152
1749263783,2.12700000,16430.60000000,2.152
1749263783,2.12600000,658.20000000,2.152
1749263783,2.12500000,4085.10000000,2.152
1749263783,2.12400000,476.30000000,2.152
1749263783,2.12300000,15.90000000,2.152
1749263783,2.12200000,476.30000000,2.152
1749263783,2.12100000,8.70000000,2.152
1749263783,2.12000000,25552.80000000,2.152
1749263783,2.11900000,1428.90000000,2.152
1749263783,2.11800000,622.40000000,2.152
1749263783,2.11700000,63.90000000,2.152
1749263783,2.11600000,1555.10000000,2.152
1749263783,2.11500000,79.50000000,2.152
1749263783,2.11400000,2199.00000000,2.152
1749263783,2.11300000,652.30000000,2.152
1749263783,2.11200000,822.00000000,2.152
1749263783,2.11100000,620.00000000,2.152
1749263783,2.11000000,1017.80000000,2.152
1749263783,2.10900000,1358.70000000,2.152
1749263783,2.10800000,492.00000000,2.152
1749263783,2.10700000,51.80000000,2.152
1749263783,2.10600000,34.00000000,2.152
1749263783,2.10500000,498.60000000,2.152
1749263783,2.10400000,12.70000000,2.152
1749263783,2.10300000,12.70000000,2.152
1749263783,2.10200000,490.00000000,2.152
1749263783,2.10100000,68.70000000,2.152
1749263783,2.10000000,4530.70000000,2.152
1749263783,2.09900000,525.90000000,2.152
1749263783,2.09800000,493.40000000,2.152
1749263783,2.09700000,45.70000000,2.152
1749263783,2.09600000,589.70000000,2.152
1749263783,2.09500000,45.20000000,2.152
1749263783,2.09400000,19.30000000,2.152
1749263783,2.09300000,499.80000000,2.152
1749263783,2.09200000,8.90000000,2.152
1749263783,2.09100000,185.00000000,2.152
1749263783,2.09000000,483.80000000,2.152
1749263783,2.08900000,18.60000000,2.152
1749263783,2.08800000,153.00000000,2.152
1749263783,2.08700000,86.10000000,2.152
1749263783,2.08600000,265.30000000,2.152
1749263783,2.08500000,79.60000000,2.152
1749263783,2.08400000,5.90000000,2.152
1749263783,2.08300000,698.20000000,2.152
1749263783,2.08100000,6.70000000,2.152
1749263783,2.08000000,1944.80000000,2.152
1749263783,2.07900000,8.20000000,2.152
1749263783,2.07700000,6.10000000,2.152
1749263783,2.07600000,9.60000000,2.152
1749263783,2.07500000,18.70000000,2.152
1749263783,2.07400000,4.20000000,2.152
1749263783,2.07200000,4.50000000,2.152
1749263783,2.07000000,94.90000000,2.152
1749263783,2.06900000,445.30000000,2.152
1749263783,2.06600000,12.80000000,2.152
1749263783,2.06500000,62.00000000,2.152
1749263783,2.06400000,14.90000000,2.152
1749263783,2.06300000,48.00000000,2.152
1749263783,2.06000000,12.70000000,2.152
1749263783,2.05800000,4.60000000,2.152
1749263783,2.05700000,7.00000000,2.152
1749263783,2.05600000,5.90000000,2.152
1749263783,2.05500000,41.80000000,2.152
1749263783,2.05400000,4.50000000,2.152
1749263783,2.05200000,457.40000000,2.152
1749263783,2.05100000,218.40000000,2.152
1749263783,2.05000000,14238.10000000,2.152
1749263783,2.04800000,17.50000000,2.152
1749263783,2.04700000,241.90000000,2.152
1749263783,2.04600000,37.50000000,2.152
1749263783,2.04500000,6.10000000,2.152
1749263783,2.04000000,215.50000000,2.152
1749263783,2.03900000,75.30000000,2.152
1749263783,2.03800000,71.10000000,2.152
1749264085,2.15500000,119.50000000,2.158
1749264085,2.15400000,2396.10000000,2.158
1749264085,2.15300000,2113.10000000,2.158
1749264085,2.15200000,2458.50000000,2.158
1749264085,2.15100000,1558.10000000,2.158
1749264085,2.15000000,1675.40000000,2.158
1749264085,2.14900000,1013.20000000,2.158
1749264085,2.14800000,4055.00000000,2.158
1749264085,2.14700000,1013.30000000,2.158
1749264085,2.14600000,1598.40000000,2.158
1749264085,2.14500000,1506.40000000,2.158
1749264085,2.14400000,1478.20000000,2.158
1749264085,2.14300000,1010.00000000,2.158
1749264085,2.14200000,1478.40000000,2.158
1749264085,2.14100000,1006.10000000,2.158
1749264085,2.14000000,642.70000000,2.158
1749264085,2.13900000,116.10000000,2.158
1749264085,2.13800000,1871.90000000,2.158
1749264085,2.13700000,116.10000000,2.158
1749264085,2.13600000,606.60000000,2.158
1749264085,2.13500000,116.10000000,2.158
1749264085,2.13400000,1068.00000000,2.158
1749264085,2.13300000,19.50000000,2.158
1749264085,2.13200000,588.80000000,2.158
1749264085,2.13100000,16629.50000000,2.158
1749264085,2.13000000,4600.00000000,2.158
1749264085,2.12900000,3.60000000,2.158
1749264085,2.12800000,588.80000000,2.158
1749264085,2.12700000,55.00000000,2.158
1749264085,2.12600000,485.20000000,2.158
1749264085,2.12500000,4210.90000000,2.158
1749264085,2.12400000,476.30000000,2.158
1749264085,2.12300000,15.90000000,2.158
1749264085,2.12200000,1890.00000000,2.158
1749264085,2.12100000,8.70000000,2.158
1749264085,2.12000000,25879.40000000,2.158
1749264085,2.11900000,9.60000000,2.158
1749264085,2.11800000,497.90000000,2.158
1749264085,2.11700000,16.80000000,2.158
1749264085,2.11600000,1555.10000000,2.158
1749264085,2.11500000,843.20000000,2.158
1749264085,2.11400000,3122.00000000,2.158
1749264085,2.11300000,21.50000000,2.158
1749264085,2.11200000,822.00000000,2.158
1749264085,2.11100000,479.30000000,2.158
1749264085,2.11000000,1017.80000000,2.158
1749264085,2.10900000,10.60000000,2.158
1749264085,2.10800000,492.00000000,2.158
1749264085,2.10700000,51.80000000,2.158
1749264085,2.10600000,34.00000000,2.158
1749264085,2.10500000,545.60000000,2.158
1749264085,2.10400000,12.70000000,2.158
1749264085,2.10300000,74.40000000,2.158
1749264085,2.10200000,490.00000000,2.158
1749264085,2.10100000,68.70000000,2.158
1749264085,2.10000000,4630.60000000,2.158
1749264085,2.09900000,525.90000000,2.158
1749264085,2.09800000,493.40000000,2.158
1749264085,2.09700000,45.70000000,2.158
1749264085,2.09600000,528.20000000,2.158
1749264085,2.09500000,45.20000000,2.158
1749264085,2.09400000,19.30000000,2.158
1749264085,2.09300000,499.80000000,2.158
1749264085,2.09200000,8.90000000,2.158
1749264085,2.09100000,185.00000000,2.158
1749264085,2.09000000,483.80000000,2.158
1749264085,2.08900000,18.60000000,2.158
1749264085,2.08800000,153.00000000,2.158
1749264085,2.08700000,38.30000000,2.158
1749264085,2.08600000,265.30000000,2.158
1749264085,2.08500000,79.60000000,2.158
1749264085,2.08400000,5.90000000,2.158
1749264085,2.08300000,698.20000000,2.158
1749264085,2.08100000,6.70000000,2.158
1749264085,2.08000000,1944.80000000,2.158
1749264085,2.07900000,8.20000000,2.158
1749264085,2.07700000,6.10000000,2.158
1749264085,2.07600000,9.60000000,2.158
1749264085,2.07500000,18.70000000,2.158
1749264085,2.07400000,4.20000000,2.158
1749264085,2.07200000,4.50000000,2.158
1749264085,2.07000000,94.90000000,2.158
1749264085,2.06900000,445.30000000,2.158
1749264085,2.06600000,12.80000000,2.158
1749264085,2.06500000,62.00000000,2.158
1749264085,2.06400000,14.90000000,2.158
1749264085,2.06300000,48.00000000,2.158
1749264085,2.06000000,12.70000000,2.158
1749264085,2.05800000,4.60000000,2.158
1749264085,2.05700000,7.00000000,2.158
1749264085,2.05600000,5.90000000,2.158
1749264085,2.05500000,41.80000000,2.158
1749264085,2.05400000,4.50000000,2.158
1749264085,2.05200000,457.40000000,2.158
1749264085,2.05100000,218.40000000,2.158
1749264085,2.05000000,14238.10000000,2.158
1749264085,2.04800000,17.50000000,2.158
1749264085,2.04700000,241.90000000,2.158
1749264085,2.04600000,37.50000000,2.158
1749264085,2.04500000,6.10000000,2.158
1749264386,2.15700000,430.90000000,2.156
1749264386,2.15600000,2523.70000000,2.156
1749264386,2.15500000,2186.80000000,2.156
1749264386,2.15400000,2364.30000000,2.156
1749264386,2.15300000,2187.70000000,2.156
1749264386,2.15200000,1850.90000000,2.156
1749264386,2.15100000,1005.10000000,2.156
1749264386,2.15000000,1527.80000000,2.156
1749264386,2.14900000,1013.20000000,2.156
1749264386,2.14800000,1598.30000000,2.156
1749264386,2.14700000,1026.00000000,2.156
1749264386,2.14600000,3918.80000000,2.156
1749264386,2.14500000,1098.70000000,2.156
1749264386,2.14400000,1478.20000000,2.156
1749264386,2.14300000,1010.00000000,2.156
1749264386,2.14200000,2057.40000000,2.156
1749264386,2.14100000,1006.10000000,2.156
1749264386,2.14000000,642.90000000,2.156
1749264386,2.13900000,116.10000000,2.156
1749264386,2.13800000,588.80000000,2.156
1749264386,2.13700000,116.10000000,2.156
1749264386,2.13600000,606.60000000,2.156
1749264386,2.13500000,162.80000000,2.156
1749264386,2.13400000,593.00000000,2.156
1749264386,2.13300000,132.00000000,2.156
1749264386,2.13200000,588.80000000,2.156
1749264386,2.13100000,17104.50000000,2.156
1749264386,2.13000000,5887.90000000,2.156
1749264386,2.12900000,3.60000000,2.156
1749264386,2.12800000,476.30000000,2.156
1749264386,2.12700000,8.10000000,2.156
1749264386,2.12600000,485.20000000,2.156
1749264386,2.12500000,4085.10000000,2.156
1749264386,2.12400000,476.30000000,2.156
1749264386,2.12300000,15.90000000,2.156
1749264386,2.12200000,1937.00000000,2.156
1749264386,2.12100000,8.70000000,2.156
1749264386,2.12000000,25879.40000000,2.156
1749264386,2.11900000,9.60000000,2.156
1749264386,2.11800000,622.90000000,2.156
1749264386,2.11700000,16.80000000,2.156
1749264386,2.11600000,1555.10000000,2.156
1749264386,2.11500000,702.70000000,2.156
1749264386,2.11400000,1824.30000000,2.156
1749264386,2.11300000,21.50000000,2.156
1749264386,2.11200000,822.00000000,2.156
1749264386,2.11100000,479.30000000,2.156
1749264386,2.11000000,1158.60000000,2.156
1749264386,2.10900000,10.60000000,2.156
1749264386,2.10800000,492.00000000,2.156
1749264386,2.10700000,1353.80000000,2.156
1749264386,2.10600000,34.00000000,2.156
1749264386,2.10500000,545.60000000,2.156
1749264386,2.10400000,12.70000000,2.156
1749264386,2.10300000,12.70000000,2.156
1749264386,2.10200000,490.00000000,2.156
1749264386,2.10100000,68.70000000,2.156
1749264386,2.10000000,4644.90000000,2.156
1749264386,2.09900000,525.90000000,2.156
1749264386,2.09800000,493.40000000,2.156
1749264386,2.09700000,45.70000000,2.156
1749264386,2.09600000,528.20000000,2.156
1749264386,2.09500000,45.20000000,2.156
1749264386,2.09400000,19.30000000,2.156
1749264386,2.09300000,499.80000000,2.156
1749264386,2.09200000,8.90000000,2.156
1749264386,2.09100000,185.00000000,2.156
1749264386,2.09000000,483.80000000,2.156
1749264386,2.08900000,18.60000000,2.156
1749264386,2.08800000,153.00000000,2.156
1749264386,2.08700000,38.30000000,2.156
1749264386,2.08600000,265.30000000,2.156
1749264386,2.08500000,79.60000000,2.156
1749264386,2.08400000,5.90000000,2.156
1749264386,2.08300000,698.20000000,2.156
1749264386,2.08100000,6.70000000,2.156
1749264386,2.08000000,1944.80000000,2.156
1749264386,2.07900000,8.20000000,2.156
1749264386,2.07700000,6.10000000,2.156
1749264386,2.07600000,9.60000000,2.156
1749264386,2.07500000,18.70000000,2.156
1749264386,2.07400000,4.20000000,2.156
1749264386,2.07200000,4.50000000,2.156
1749264386,2.07000000,94.90000000,2.156
1749264386,2.06900000,445.30000000,2.156
1749264386,2.06600000,12.80000000,2.156
1749264386,2.06500000,62.00000000,2.156
1749264386,2.06400000,14.90000000,2.156
1749264386,2.06300000,48.00000000,2.156
1749264386,2.06000000,12.70000000,2.156
1749264386,2.05800000,4.60000000,2.156
1749264386,2.05700000,7.00000000,2.156
1749264386,2.05600000,5.90000000,2.156
1749264386,2.05500000,41.80000000,2.156
1749264386,2.05400000,4.50000000,2.156
1749264386,2.05200000,457.40000000,2.156
1749264386,2.05100000,218.40000000,2.156
1749264386,2.05000000,14238.10000000,2.156
1749264386,2.04800000,17.50000000,2.156
1749264386,2.04700000,241.90000000,2.156
1749264688,2.15700000,461.90000000,2.158
1749264688,2.15600000,2707.70000000,2.158
1749264688,2.15500000,2009.40000000,2.158
1749264688,2.15400000,2123.70000000,2.158
1749264688,2.15300000,1340.60000000,2.158
1749264688,2.15200000,1848.50000000,2.158
1749264688,2.15100000,1005.10000000,2.158
1749264688,2.15000000,1527.80000000,2.158
1749264688,2.14900000,1145.80000000,2.158
1749264688,2.14800000,3870.10000000,2.158
1749264688,2.14700000,1059.60000000,2.158
1749264688,2.14600000,1478.10000000,2.158
1749264688,2.14500000,1327.60000000,2.158
1749264688,2.14400000,1827.50000000,2.158
1749264688,2.14300000,1060.40000000,2.158
1749264688,2.14200000,1594.20000000,2.158
1749264688,2.14100000,1006.10000000,2.158
1749264688,2.14000000,592.40000000,2.158
1749264688,2.13900000,116.10000000,2.158
1749264688,2.13800000,588.80000000,2.158
1749264688,2.13700000,116.10000000,2.158
1749264688,2.13600000,1890.90000000,2.158
1749264688,2.13500000,591.10000000,2.158
1749264688,2.13400000,593.00000000,2.158
1749264688,2.13300000,132.00000000,2.158
1749264688,2.13200000,588.80000000,2.158
1749264688,2.13100000,16629.50000000,2.158
1749264688,2.13000000,4487.50000000,2.158
1749264688,2.12900000,3.60000000,2.158
1749264688,2.12800000,476.30000000,2.158
1749264688,2.12700000,8.10000000,2.158
1749264688,2.12600000,485.20000000,2.158
1749264688,2.12500000,5622.30000000,2.158
1749264688,2.12400000,476.30000000,2.158
1749264688,2.12300000,15.90000000,2.158
1749264688,2.12200000,476.30000000,2.158
1749264688,2.12100000,8.70000000,2.158
1749264688,2.12000000,25879.40000000,2.158
1749264688,2.11900000,9.60000000,2.158
1749264688,2.11800000,497.90000000,2.158
1749264688,2.11700000,16.80000000,2.158
1749264688,2.11600000,1555.10000000,2.158
1749264688,2.11500000,213.00000000,2.158
1749264688,2.11400000,3122.00000000,2.158
1749264688,2.11300000,21.50000000,2.158
1749264688,2.11200000,822.00000000,2.158
1749264688,2.11100000,479.30000000,2.158
1749264688,2.11000000,1017.80000000,2.158
1749264688,2.10900000,10.60000000,2.158
1749264688,2.10800000,492.00000000,2.158
1749264688,2.10700000,51.80000000,2.158
1749264688,2.10600000,34.00000000,2.158
1749264688,2.10500000,545.60000000,2.158
1749264688,2.10400000,12.70000000,2.158
1749264688,2.10300000,27.00000000,2.158
1749264688,2.10200000,490.00000000,2.158
1749264688,2.10100000,68.70000000,2.158
1749264688,2.10000000,4630.60000000,2.158
1749264688,2.09900000,525.90000000,2.158
1749264688,2.09800000,493.40000000,2.158
1749264688,2.09700000,45.70000000,2.158
1749264688,2.09600000,575.40000000,2.158
1749264688,2.09500000,45.20000000,2.158
1749264688,2.09400000,19.30000000,2.158
1749264688,2.09300000,499.80000000,2.158
1749264688,2.09200000,8.90000000,2.158
1749264688,2.09100000,185.00000000,2.158
1749264688,2.09000000,483.80000000,2.158
1749264688,2.08900000,18.60000000,2.158
1749264688,2.08800000,153.00000000,2.158
1749264688,2.08700000,38.30000000,2.158
1749264688,2.08600000,265.30000000,2.158
1749264688,2.08500000,32.20000000,2.158
1749264688,2.08400000,5.90000000,2.158
1749264688,2.08300000,695.30000000,2.158
1749264688,2.08100000,6.70000000,2.158
1749264688,2.08000000,1944.80000000,2.158
1749264688,2.07900000,8.20000000,2.158
1749264688,2.07700000,6.10000000,2.158
1749264688,2.07600000,9.60000000,2.158
1749264688,2.07500000,18.70000000,2.158
1749264688,2.07400000,4.20000000,2.158
1749264688,2.07200000,4.50000000,2.158
1749264688,2.07000000,94.90000000,2.158
1749264688,2.06900000,445.30000000,2.158
1749264688,2.06600000,12.80000000,2.158
1749264688,2.06500000,62.00000000,2.158
1749264688,2.06400000,14.90000000,2.158
1749264688,2.06300000,48.00000000,2.158
1749264688,2.06000000,12.70000000,2.158
1749264688,2.05800000,4.60000000,2.158
1749264688,2.05700000,7.00000000,2.158
1749264688,2.05600000,5.90000000,2.158
1749264688,2.05500000,41.80000000,2.158
1749264688,2.05400000,4.50000000,2.158
1749264688,2.05200000,457.40000000,2.158
1749264688,2.05100000,218.40000000,2.158
1749264688,2.05000000,14238.10000000,2.158
1749264688,2.04800000,17.50000000,2.158
1749264688,2.04700000,241.90000000,2.158
1749264989,2.17600000,196.10000000,2.176
1749264989,2.17500000,956.70000000,2.176
1749264989,2.17400000,2181.20000000,2.176
1749264989,2.17300000,1865.40000000,2.176
1749264989,2.17200000,2472.70000000,2.176
1749264989,2.17100000,2324.70000000,2.176
1749264989,2.17000000,1838.20000000,2.176
1749264989,2.16900000,1003.60000000,2.176
1749264989,2.16800000,1363.90000000,2.176
1749264989,2.16700000,1028.20000000,2.176
1749264989,2.16600000,1710.10000000,2.176
1749264989,2.16500000,1016.40000000,2.176
1749264989,2.16400000,1474.50000000,2.176
1749264989,2.16300000,1004.10000000,2.176
1749264989,2.16200000,3855.00000000,2.176
1749264989,2.16100000,1012.10000000,2.176
1749264989,2.16000000,1481.10000000,2.176
1749264989,2.15900000,1348.30000000,2.176
1749264989,2.15800000,1477.20000000,2.176
1749264989,2.15700000,715.60000000,2.176
1749264989,2.15600000,1249.40000000,2.176
1749264989,2.15500000,355.70000000,2.176
1749264989,2.15400000,588.70000000,2.176
1749264989,2.15300000,16340.20000000,2.176
1749264989,2.15200000,592.90000000,2.176
1749264989,2.15100000,344.30000000,2.176
1749264989,2.15000000,643.00000000,2.176
1749264989,2.14900000,129.90000000,2.176
1749264989,2.14800000,588.70000000,2.176
1749264989,2.14700000,175.50000000,2.176
1749264989,2.14600000,1867.00000000,2.176
1749264989,2.14500000,213.70000000,2.176
1749264989,2.14400000,1637.90000000,2.176
1749264989,2.14300000,601.10000000,2.176
1749264989,2.14200000,712.70000000,2.176
1749264989,2.14100000,18.30000000,2.176
1749264989,2.14000000,1931.20000000,2.176
1749264989,2.13900000,451.40000000,2.176
1749264989,2.13800000,846.80000000,2.176
1749264989,2.13700000,37.70000000,2.176
1749264989,2.13600000,1222.60000000,2.176
1749264989,2.13500000,1255.50000000,2.176
1749264989,2.13400000,1762.40000000,2.176
1749264989,2.13300000,78.50000000,2.176
1749264989,2.13200000,669.10000000,2.176
1749264989,2.13100000,481.60000000,2.176
1749264989,2.13000000,4553.00000000,2.176
1749264989,2.12800000,472.70000000,2.176
1749264989,2.12700000,98.20000000,2.176
1749264989,2.12600000,575.40000000,2.176
1749264989,2.12500000,4097.10000000,2.176
1749264989,2.12400000,1764.30000000,2.176
1749264989,2.12300000,12.30000000,2.176
1749264989,2.12200000,519.70000000,2.176
1749264989,2.12100000,331.40000000,2.176
1749264989,2.12000000,25643.20000000,2.176
1749264989,2.11900000,9.60000000,2.176
1749264989,2.11800000,497.90000000,2.176
1749264989,2.11700000,16.80000000,2.176
1749264989,2.11600000,1602.20000000,2.176
1749264989,2.11500000,72.50000000,2.176
1749264989,2.11400000,667.80000000,2.176
1749264989,2.11300000,21.50000000,2.176
1749264989,2.11200000,822.00000000,2.176
1749264989,2.11100000,6.60000000,2.176
1749264989,2.11000000,1209.80000000,2.176
1749264989,2.10900000,152.50000000,2.176
1749264989,2.10800000,113.50000000,2.176
1749264989,2.10700000,51.80000000,2.176
1749264989,2.10600000,34.00000000,2.176
1749264989,2.10500000,262.90000000,2.176
1749264989,2.10400000,12.70000000,2.176
1749264989,2.10300000,27.00000000,2.176
1749264989,2.10200000,17.30000000,2.176
1749264989,2.10100000,68.70000000,2.176
1749264989,2.10000000,4860.90000000,2.176
1749264989,2.09900000,53.20000000,2.176
1749264989,2.09800000,729.40000000,2.176
1749264989,2.09700000,45.70000000,2.176
1749264989,2.09600000,55.50000000,2.176
1749264989,2.09500000,45.20000000,2.176
1749264989,2.09400000,19.30000000,2.176
1749264989,2.09300000,27.10000000,2.176
1749264989,2.09200000,8.90000000,2.176
1749264989,2.09100000,185.00000000,2.176
1749264989,2.09000000,11.10000000,2.176
1749264989,2.08900000,18.60000000,2.176
1749264989,2.08800000,153.00000000,2.176
1749264989,2.08700000,38.30000000,2.176
1749264989,2.08600000,94.50000000,2.176
1749264989,2.08500000,32.20000000,2.176
1749264989,2.08400000,5.90000000,2.176
1749264989,2.08300000,457.60000000,2.176
1749264989,2.08100000,6.70000000,2.176
1749264989,2.08000000,1944.80000000,2.176
1749264989,2.07900000,8.20000000,2.176
1749264989,2.07700000,6.10000000,2.176
1749264989,2.07600000,9.60000000,2.176
1749264989,2.07500000,18.70000000,2.176
1749264989,2.07400000,4.20000000,2.176
1749265296,2.16700000,316.60000000,2.167
1749265296,2.16600000,1980.00000000,2.167
1749265296,2.16500000,1746.50000000,2.167
1749265296,2.16400000,2347.00000000,2.167
1749265296,2.16300000,1956.40000000,2.167
1749265296,2.16200000,2296.00000000,2.167
1749265296,2.16100000,1028.90000000,2.167
1749265296,2.16000000,1480.70000000,2.167
1749265296,2.15900000,1003.30000000,2.167
1749265296,2.15800000,1597.10000000,2.167
1749265296,2.15700000,1015.80000000,2.167
1749265296,2.15600000,1534.00000000,2.167
1749265296,2.15500000,1000.20000000,2.167
1749265296,2.15400000,2975.20000000,2.167
1749265296,2.15300000,527.90000000,2.167
1749265296,2.15200000,1867.70000000,2.167
1749265296,2.15100000,116.00000000,2.167
1749265296,2.15000000,693.90000000,2.167
1749265296,2.14900000,497.20000000,2.167
1749265296,2.14800000,588.70000000,2.167
1749265296,2.14700000,180.20000000,2.167
1749265296,2.14600000,588.70000000,2.167
1749265296,2.14500000,213.70000000,2.167
1749265296,2.14400000,588.70000000,2.167
1749265296,2.14300000,50.00000000,2.167
1749265296,2.14200000,1042.40000000,2.167
1749265296,2.14100000,197.50000000,2.167
1749265296,2.14000000,684.50000000,2.167
1749265296,2.13900000,5.10000000,2.167
1749265296,2.13800000,799.90000000,2.167
1749265296,2.13700000,92.60000000,2.167
1749265296,2.13600000,472.70000000,2.167
1749265296,2.13500000,16361.00000000,2.167
1749265296,2.13400000,1882.60000000,2.167
1749265296,2.13300000,127.00000000,2.167
1749265296,2.13200000,2256.80000000,2.167
1749265296,2.13100000,68.40000000,2.167
1749265296,2.13000000,4700.30000000,2.167
1749265296,2.12900000,31.00000000,2.167
1749265296,2.12800000,628.10000000,2.167
1749265296,2.12700000,77.70000000,2.167
1749265296,2.12600000,481.60000000,2.167
1749265296,2.12500000,4314.40000000,2.167
1749265296,2.12400000,531.30000000,2.167
1749265296,2.12300000,1304.50000000,2.167
1749265296,2.12200000,705.90000000,2.167
1749265296,2.12000000,25502.20000000,2.167
1749265296,2.11900000,56.70000000,2.167
1749265296,2.11800000,119.00000000,2.167
1749265296,2.11700000,390.80000000,2.167
1749265296,2.11600000,1199.20000000,2.167
1749265296,2.11500000,262.40000000,2.167
1749265296,2.11400000,334.90000000,2.167
1749265296,2.11300000,21.50000000,2.167
1749265296,2.11200000,869.20000000,2.167
1749265296,2.11100000,729.00000000,2.167
1749265296,2.11000000,970.90000000,2.167
1749265296,2.10900000,132.90000000,2.167
1749265296,2.10800000,66.20000000,2.167
1749265296,2.10700000,98.70000000,2.167
1749265296,2.10600000,271.40000000,2.167
1749265296,2.10500000,354.90000000,2.167
1749265296,2.10400000,153.70000000,2.167
1749265296,2.10300000,12.70000000,2.167
1749265296,2.10200000,13.20000000,2.167
1749265296,2.10100000,344.00000000,2.167
1749265296,2.10000000,4630.60000000,2.167
1749265296,2.09900000,53.20000000,2.167
1749265296,2.09800000,493.40000000,2.167
1749265296,2.09700000,45.70000000,2.167
1749265296,2.09600000,55.50000000,2.167
1749265296,2.09500000,45.20000000,2.167
1749265296,2.09400000,19.30000000,2.167
1749265296,2.09300000,27.10000000,2.167
1749265296,2.09200000,8.90000000,2.167
1749265296,2.09100000,182.60000000,2.167
1749265296,2.09000000,11.10000000,2.167
1749265296,2.08900000,18.60000000,2.167
1749265296,2.08800000,153.00000000,2.167
1749265296,2.08700000,38.30000000,2.167
1749265296,2.08600000,70.50000000,2.167
1749265296,2.08500000,32.20000000,2.167
1749265296,2.08400000,5.90000000,2.167
1749265296,2.08300000,457.60000000,2.167
1749265296,2.08100000,6.70000000,2.167
1749265296,2.08000000,1940.50000000,2.167
1749265296,2.07900000,8.20000000,2.167
1749265296,2.07700000,6.10000000,2.167
1749265296,2.07600000,9.60000000,2.167
1749265296,2.07500000,18.70000000,2.167
1749265296,2.07400000,4.20000000,2.167
1749265296,2.07200000,4.50000000,2.167
1749265296,2.07000000,1234.70000000,2.167
1749265296,2.06900000,445.30000000,2.167
1749265296,2.06600000,252.40000000,2.167
1749265296,2.06500000,4.20000000,2.167
1749265296,2.06400000,14.90000000,2.167
1749265296,2.06300000,48.00000000,2.167
1749265296,2.06000000,12.70000000,2.167
1749265296,2.05700000,7.00000000,2.167
1749265597,2.17500000,461.90000000,2.177
1749265597,2.17400000,2242.70000000,2.177
1749265597,2.17300000,2130.40000000,2.177
1749265597,2.17200000,2070.50000000,2.177
1749265597,2.17100000,1197.20000000,2.177
1749265597,2.17000000,1928.50000000,2.177
1749265597,2.16900000,984.30000000,2.177
1749265597,2.16800000,1476.40000000,2.177
1749265597,2.16700000,1016.40000000,2.177
1749265597,2.16600000,1597.00000000,2.177
1749265597,2.16500000,1006.40000000,2.177
1749265597,2.16400000,1428.10000000,2.177
1749265597,2.16300000,1039.80000000,2.177
1749265597,2.16200000,1476.00000000,2.177
1749265597,2.16100000,1011.20000000,2.177
1749265597,2.16000000,3861.00000000,2.177
1749265597,2.15900000,878.60000000,2.177
1749265597,2.15800000,828.40000000,2.177
1749265597,2.15700000,460.30000000,2.177
1749265597,2.15600000,836.10000000,2.177
1749265597,2.15500000,119.20000000,2.177
1749265597,2.15400000,588.70000000,2.177
1749265597,2.15300000,161.90000000,2.177
1749265597,2.15200000,616.50000000,2.177
1749265597,2.15100000,16387.70000000,2.177
1749265597,2.15000000,1936.70000000,2.177
1749265597,2.14900000,350.40000000,2.177
1749265597,2.14800000,588.70000000,2.177
1749265597,2.14700000,43.70000000,2.177
1749265597,2.14600000,595.00000000,2.177
1749265597,2.14500000,10711.50000000,2.177
1749265597,2.14400000,1510.70000000,2.177
1749265597,2.14300000,10.10000000,2.177
1749265597,2.14200000,1894.80000000,2.177
1749265597,2.14100000,340.60000000,2.177
1749265597,2.14000000,890.80000000,2.177
1749265597,2.13900000,2079.40000000,2.177
1749265597,2.13800000,576.10000000,2.177
1749265597,2.13700000,46.70000000,2.177
1749265597,2.13600000,472.70000000,2.177
1749265597,2.13500000,1251.90000000,2.177
1749265597,2.13400000,499.50000000,2.177
1749265597,2.13300000,463.30000000,2.177
1749265597,2.13200000,1759.40000000,2.177
1749265597,2.13100000,182.30000000,2.177
1749265597,2.13000000,4670.70000000,2.177
1749265597,2.12800000,660.30000000,2.177
1749265597,2.12700000,4.50000000,2.177
1749265597,2.12600000,575.40000000,2.177
1749265597,2.12500000,4081.50000000,2.177
1749265597,2.12400000,758.20000000,2.177
1749265597,2.12300000,59.30000000,2.177
1749265597,2.12200000,519.70000000,2.177
1749265597,2.12100000,94.00000000,2.177
1749265597,2.12000000,25645.60000000,2.177
1749265597,2.11900000,178.50000000,2.177
1749265597,2.11800000,25.20000000,2.177
1749265597,2.11700000,346.50000000,2.177
1749265597,2.11600000,1129.50000000,2.177
1749265597,2.11500000,166.40000000,2.177
1749265597,2.11400000,288.10000000,2.177
1749265597,2.11300000,21.50000000,2.177
1749265597,2.11200000,883.40000000,2.177
1749265597,2.11100000,53.80000000,2.177
1749265597,2.11000000,1018.20000000,2.177
1749265597,2.10900000,389.00000000,2.177
1749265597,2.10800000,160.80000000,2.177
1749265597,2.10700000,146.40000000,2.177
1749265597,2.10600000,697.60000000,2.177
1749265597,2.10500000,73.30000000,2.177
1749265597,2.10400000,60.10000000,2.177
1749265597,2.10300000,12.70000000,2.177
1749265597,2.10200000,17.10000000,2.177
1749265597,2.10100000,296.50000000,2.177
1749265597,2.10000000,4630.60000000,2.177
1749265597,2.09900000,53.20000000,2.177
1749265597,2.09800000,493.40000000,2.177
1749265597,2.09700000,45.70000000,2.177
1749265597,2.09600000,55.50000000,2.177
1749265597,2.09500000,45.20000000,2.177
1749265597,2.09400000,19.30000000,2.177
1749265597,2.09300000,27.10000000,2.177
1749265597,2.09200000,8.90000000,2.177
1749265597,2.09100000,182.60000000,2.177
1749265597,2.09000000,11.10000000,2.177
1749265597,2.08900000,18.60000000,2.177
1749265597,2.08800000,153.00000000,2.177
1749265597,2.08700000,38.30000000,2.177
1749265597,2.08600000,70.50000000,2.177
1749265597,2.08500000,32.20000000,2.177
1749265597,2.08400000,5.90000000,2.177
1749265597,2.08300000,457.60000000,2.177
1749265597,2.08100000,10.80000000,2.177
1749265597,2.08000000,1940.50000000,2.177
1749265597,2.07900000,8.20000000,2.177
1749265597,2.07700000,6.10000000,2.177
1749265597,2.07600000,9.60000000,2.177
1749265597,2.07500000,18.70000000,2.177
1749265597,2.07400000,4.20000000,2.177
1749265597,2.07200000,4.50000000,2.177
1749265899,2.17300000,232.00000000,2.175
1749265899,2.17200000,1950.70000000,2.175
1749265899,2.17100000,1968.00000000,2.175
1749265899,2.17000000,2502.30000000,2.175
1749265899,2.16900000,1583.10000000,2.175
1749265899,2.16800000,1857.60000000,2.175
1749265899,2.16700000,1193.80000000,2.175
1749265899,2.16600000,1476.50000000,2.175
1749265899,2.16500000,1332.90000000,2.175
1749265899,2.16400000,1428.10000000,2.175
1749265899,2.16300000,1085.40000000,2.175
1749265899,2.16200000,1819.60000000,2.175
1749265899,2.16100000,3390.30000000,2.175
1749265899,2.16000000,1480.20000000,2.175
1749265899,2.15900000,1003.30000000,2.175
1749265899,2.15800000,824.90000000,2.175
1749265899,2.15700000,116.00000000,2.175
1749265899,2.15600000,650.50000000,2.175
1749265899,2.15500000,338.30000000,2.175
1749265899,2.15400000,588.70000000,2.175
1749265899,2.15300000,120.60000000,2.175
1749265899,2.15200000,592.90000000,2.175
1749265899,2.15100000,181.70000000,2.175
1749265899,2.15000000,1936.70000000,2.175
1749265899,2.14900000,132.20000000,2.175
1749265899,2.14800000,1063.70000000,2.175
1749265899,2.14700000,156.20000000,2.175
1749265899,2.14600000,16867.10000000,2.175
1749265899,2.14500000,10667.50000000,2.175
1749265899,2.14400000,476.20000000,2.175
1749265899,2.14300000,56.20000000,2.175
1749265899,2.14200000,556.20000000,2.175
1749265899,2.14100000,107.90000000,2.175
1749265899,2.14000000,525.80000000,2.175
1749265899,2.13900000,1532.00000000,2.175
1749265899,2.13800000,472.70000000,2.175
1749265899,2.13600000,495.30000000,2.175
1749265899,2.13500000,196.10000000,2.175
1749265899,2.13400000,2133.60000000,2.175
1749265899,2.13300000,80.90000000,2.175
1749265899,2.13200000,1759.40000000,2.175
1749265899,2.13100000,385.10000000,2.175
1749265899,2.13000000,4623.90000000,2.175
1749265899,2.12900000,109.20000000,2.175
1749265899,2.12800000,627.90000000,2.175
1749265899,2.12700000,4.50000000,2.175
1749265899,2.12600000,481.60000000,2.175
1749265899,2.12500000,4128.00000000,2.175
1749265899,2.12400000,476.40000000,2.175
1749265899,2.12300000,12.30000000,2.175
1749265899,2.12200000,472.70000000,2.175
1749265899,2.12100000,425.40000000,2.175
1749265899,2.12000000,25831.20000000,2.175
1749265899,2.11900000,37.20000000,2.175
1749265899,2.11800000,213.60000000,2.175
1749265899,2.11700000,63.90000000,2.175
1749265899,2.11600000,1082.40000000,2.175
1749265899,2.11500000,86.70000000,2.175
1749265899,2.11400000,288.10000000,2.175
1749265899,2.11300000,21.50000000,2.175
1749265899,2.11200000,822.00000000,2.175
1749265899,2.11100000,6.60000000,2.175
1749265899,2.11000000,1302.00000000,2.175
1749265899,2.10900000,247.10000000,2.175
1749265899,2.10800000,255.40000000,2.175
1749265899,2.10700000,241.00000000,2.175
1749265899,2.10600000,36.40000000,2.175
1749265899,2.10500000,25.90000000,2.175
1749265899,2.10400000,12.70000000,2.175
1749265899,2.10300000,12.70000000,2.175
1749265899,2.10200000,17.10000000,2.175
1749265899,2.10100000,296.50000000,2.175
1749265899,2.10000000,4630.60000000,2.175
1749265899,2.09900000,53.20000000,2.175
1749265899,2.09800000,756.00000000,2.175
1749265899,2.09700000,45.70000000,2.175
1749265899,2.09600000,55.50000000,2.175
1749265899,2.09500000,45.20000000,2.175
1749265899,2.09400000,19.30000000,2.175
1749265899,2.09300000,27.10000000,2.175
1749265899,2.09200000,8.90000000,2.175
1749265899,2.09100000,182.60000000,2.175
1749265899,2.09000000,11.10000000,2.175
1749265899,2.08900000,18.60000000,2.175
1749265899,2.08800000,153.00000000,2.175
1749265899,2.08700000,38.30000000,2.175
1749265899,2.08600000,70.50000000,2.175
1749265899,2.08500000,32.20000000,2.175
1749265899,2.08400000,5.90000000,2.175
1749265899,2.08300000,457.60000000,2.175
1749265899,2.08100000,10.80000000,2.175
1749265899,2.08000000,1940.50000000,2.175
1749265899,2.07900000,8.20000000,2.175
1749265899,2.07700000,6.10000000,2.175
1749265899,2.07600000,9.60000000,2.175
1749265899,2.07500000,18.70000000,2.175
1749265899,2.07400000,4.20000000,2.175
1749265899,2.07200000,4.50000000,2.175
1749265899,2.07000000,1234.70000000,2.175
1749265899,2.06900000,445.30000000,2.175
1749266201,2.18500000,360.50000000,2.185
1749266201,2.18400000,2042.90000000,2.185
1749266201,2.18300000,1683.20000000,2.185
1749266201,2.18200000,2078.70000000,2.185
1749266201,2.18100000,1868.30000000,2.185
1749266201,2.18000000,2080.80000000,2.185
1749266201,2.17900000,1239.10000000,2.185
1749266201,2.17800000,1469.80000000,2.185
1749266201,2.17700000,1002.90000000,2.185
1749266201,2.17600000,3408.50000000,2.185
1749266201,2.17500000,1015.50000000,2.185
1749266201,2.17400000,1642.60000000,2.185
1749266201,2.17300000,1242.50000000,2.185
1749266201,2.17200000,1476.00000000,2.185
1749266201,2.17100000,1003.30000000,2.185
1749266201,2.17000000,1817.40000000,2.185
1749266201,2.16900000,3355.20000000,2.185
1749266201,2.16800000,1526.90000000,2.185
1749266201,2.16700000,828.10000000,2.185
1749266201,2.16600000,1308.70000000,2.185
1749266201,2.16500000,311.90000000,2.185
1749266201,2.16400000,540.20000000,2.185
1749266201,2.16300000,162.30000000,2.185
1749266201,2.16200000,588.70000000,2.185
1749266201,2.16100000,123.90000000,2.185
1749266201,2.16000000,16764.50000000,2.185
1749266201,2.15900000,1274.10000000,2.185
1749266201,2.15800000,476.20000000,2.185
1749266201,2.15700000,3.50000000,2.185
1749266201,2.15600000,533.70000000,2.185
1749266201,2.15500000,3.50000000,2.185
1749266201,2.15400000,476.20000000,2.185
1749266201,2.15300000,3.50000000,2.185
1749266201,2.15200000,480.40000000,2.185
1749266201,2.15100000,114.80000000,2.185
1749266201,2.15000000,2449.50000000,2.185
1749266201,2.14900000,1291.60000000,2.185
1749266201,2.14800000,481.30000000,2.185
1749266201,2.14700000,43.70000000,2.185
1749266201,2.14600000,655.70000000,2.185
1749266201,2.14500000,10217.00000000,2.185
1749266201,2.14400000,842.20000000,2.185
1749266201,2.14300000,10.10000000,2.185
1749266201,2.14200000,478.80000000,2.185
1749266201,2.14100000,71.70000000,2.185
1749266201,2.14000000,582.80000000,2.185
1749266201,2.13900000,1555.40000000,2.185
1749266201,2.13800000,638.80000000,2.185
1749266201,2.13600000,472.70000000,2.185
1749266201,2.13400000,476.90000000,2.185
1749266201,2.13300000,80.90000000,2.185
1749266201,2.13200000,472.70000000,2.185
1749266201,2.13100000,61.40000000,2.185
1749266201,2.13000000,4626.70000000,2.185
1749266201,2.12900000,93.60000000,2.185
1749266201,2.12800000,660.30000000,2.185
1749266201,2.12700000,4.50000000,2.185
1749266201,2.12600000,622.30000000,2.185
1749266201,2.12500000,4128.00000000,2.185
1749266201,2.12400000,476.40000000,2.185
1749266201,2.12300000,12.30000000,2.185
1749266201,2.12200000,14.20000000,2.185
1749266201,2.12000000,19124.50000000,2.185
1749266201,2.11900000,150.50000000,2.185
1749266201,2.11800000,310.20000000,2.185
1749266201,2.11700000,16.80000000,2.185
1749266201,2.11600000,1129.50000000,2.185
1749266201,2.11500000,351.00000000,2.185
1749266201,2.11400000,288.10000000,2.185
1749266201,2.11300000,21.50000000,2.185
1749266201,2.11200000,822.00000000,2.185
1749266201,2.11100000,6.60000000,2.185
1749266201,2.11000000,970.90000000,2.185
1749266201,2.10900000,10.60000000,2.185
1749266201,2.10800000,19.30000000,2.185
1749266201,2.10700000,51.80000000,2.185
1749266201,2.10600000,34.00000000,2.185
1749266201,2.10500000,25.90000000,2.185
1749266201,2.10400000,12.70000000,2.185
1749266201,2.10300000,12.70000000,2.185
1749266201,2.10200000,17.10000000,2.185
1749266201,2.10100000,68.70000000,2.185
1749266201,2.10000000,4630.60000000,2.185
1749266201,2.09900000,53.20000000,2.185
1749266201,2.09800000,493.40000000,2.185
1749266201,2.09700000,45.70000000,2.185
1749266201,2.09600000,55.50000000,2.185
1749266201,2.09500000,45.20000000,2.185
1749266201,2.09400000,19.30000000,2.185
1749266201,2.09300000,27.10000000,2.185
1749266201,2.09200000,8.90000000,2.185
1749266201,2.09100000,182.60000000,2.185
1749266201,2.09000000,11.10000000,2.185
1749266201,2.08900000,18.60000000,2.185
1749266201,2.08800000,153.00000000,2.185
1749266201,2.08700000,38.30000000,2.185
1749266201,2.08600000,70.50000000,2.185
1749266201,2.08500000,32.20000000,2.185
1749266201,2.08400000,5.90000000,2.185
1749266201,2.08300000,457.60000000,2.185
1749266502,2.17800000,421.80000000,2.179
1749266502,2.17700000,1651.20000000,2.179
1749266502,2.17600000,2471.50000000,2.179
1749266502,2.17500000,2079.80000000,2.179
1749266502,2.17400000,2076.30000000,2.179
1749266502,2.17300000,1134.40000000,2.179
1749266502,2.17200000,1607.20000000,2.179
1749266502,2.17100000,1003.30000000,2.179
1749266502,2.17000000,1476.20000000,2.179
1749266502,2.16900000,996.70000000,2.179
1749266502,2.16800000,1596.10000000,2.179
1749266502,2.16700000,1048.30000000,2.179
1749266502,2.16600000,3762.40000000,2.179
1749266502,2.16500000,72.20000000,2.179
1749266502,2.16400000,672.30000000,2.179
1749266502,2.16300000,162.30000000,2.179
1749266502,2.16200000,638.90000000,2.179
1749266502,2.16100000,123.90000000,2.179
1749266502,2.16000000,592.90000000,2.179
1749266502,2.15900000,162.20000000,2.179
1749266502,2.15800000,932.20000000,2.179
1749266502,2.15700000,3.50000000,2.179
1749266502,2.15600000,659.50000000,2.179
1749266502,2.15500000,3.50000000,2.179
1749266502,2.15400000,1862.30000000,2.179
1749266502,2.15300000,3.50000000,2.179
1749266502,2.15200000,1067.90000000,2.179
1749266502,2.15100000,3.50000000,2.179
1749266502,2.15000000,1092.40000000,2.179
1749266502,2.14900000,16269.40000000,2.179
1749266502,2.14800000,593.80000000,2.179
1749266502,2.14700000,90.10000000,2.179
1749266502,2.14600000,655.70000000,2.179
1749266502,2.14500000,10213.50000000,2.179
1749266502,2.14400000,2241.40000000,2.179
1749266502,2.14300000,205.50000000,2.179
1749266502,2.14200000,1759.50000000,2.179
1749266502,2.14100000,9.60000000,2.179
1749266502,2.14000000,520.70000000,2.179
1749266502,2.13900000,1328.70000000,2.179
1749266502,2.13800000,487.10000000,2.179
1749266502,2.13700000,139.00000000,2.179
1749266502,2.13600000,519.40000000,2.179
1749266502,2.13400000,476.90000000,2.179
1749266502,2.13300000,80.90000000,2.179
1749266502,2.13200000,472.70000000,2.179
1749266502,2.13100000,61.40000000,2.179
1749266502,2.13000000,4483.90000000,2.179
1749266502,2.12800000,472.70000000,2.179
1749266502,2.12700000,4.50000000,2.179
1749266502,2.12600000,589.50000000,2.179
1749266502,2.12500000,4128.00000000,2.179
1749266502,2.12400000,476.40000000,2.179
1749266502,2.12300000,12.30000000,2.179
1749266502,2.12000000,19124.50000000,2.179
1749266502,2.11900000,56.30000000,2.179
1749266502,2.11800000,25.20000000,2.179
1749266502,2.11700000,16.80000000,2.179
1749266502,2.11600000,1082.40000000,2.179
1749266502,2.11500000,303.90000000,2.179
1749266502,2.11400000,288.10000000,2.179
1749266502,2.11300000,21.50000000,2.179
1749266502,2.11200000,822.00000000,2.179
1749266502,2.11100000,6.60000000,2.179
1749266502,2.11000000,970.90000000,2.179
1749266502,2.10900000,10.60000000,2.179
1749266502,2.10800000,19.30000000,2.179
1749266502,2.10700000,51.80000000,2.179
1749266502,2.10600000,90.70000000,2.179
1749266502,2.10500000,25.90000000,2.179
1749266502,2.10400000,12.70000000,2.179
1749266502,2.10300000,12.70000000,2.179
1749266502,2.10200000,17.10000000,2.179
1749266502,2.10100000,68.70000000,2.179
1749266502,2.10000000,4630.60000000,2.179
1749266502,2.09900000,53.20000000,2.179
1749266502,2.09800000,493.40000000,2.179
1749266502,2.09700000,45.70000000,2.179
1749266502,2.09600000,55.50000000,2.179
1749266502,2.09500000,49.00000000,2.179
1749266502,2.09400000,19.30000000,2.179
1749266502,2.09300000,27.10000000,2.179
1749266502,2.09200000,8.90000000,2.179
1749266502,2.09100000,182.60000000,2.179
1749266502,2.09000000,11.10000000,2.179
1749266502,2.08900000,18.60000000,2.179
1749266502,2.08800000,153.00000000,2.179
1749266502,2.08700000,38.30000000,2.179
1749266502,2.08600000,13.30000000,2.179
1749266502,2.08500000,32.20000000,2.179
1749266502,2.08400000,243.50000000,2.179
1749266502,2.08300000,457.60000000,2.179
1749266502,2.08100000,10.80000000,2.179
1749266502,2.08000000,1940.50000000,2.179
1749266502,2.07900000,8.20000000,2.179
1749266502,2.07700000,6.10000000,2.179
1749266502,2.07600000,9.60000000,2.179
1749266502,2.07500000,18.70000000,2.179
1749266502,2.07400000,4.20000000,2.179
1749266502,2.07200000,4.50000000,2.179
1749266804,2.19500000,117.60000000,2.194
1749266804,2.19400000,1688.30000000,2.194
1749266804,2.19300000,1900.60000000,2.194
1749266804,2.19200000,2402.30000000,2.194
1749266804,2.19100000,1844.40000000,2.194
1749266804,2.19000000,1758.50000000,2.194
1749266804,2.18900000,1192.40000000,2.194
1749266804,2.18800000,1789.00000000,2.194
1749266804,2.18700000,1065.80000000,2.194
1749266804,2.18600000,1479.10000000,2.194
1749266804,2.18500000,1236.10000000,2.194
1749266804,2.18400000,1595.60000000,2.194
1749266804,2.18300000,1002.40000000,2.194
1749266804,2.18200000,1475.30000000,2.194
1749266804,2.18100000,1002.60000000,2.194
1749266804,2.18000000,1475.30000000,2.194
1749266804,2.17900000,1035.00000000,2.194
1749266804,2.17800000,1479.80000000,2.194
1749266804,2.17700000,1002.90000000,2.194
1749266804,2.17600000,1300.80000000,2.194
1749266804,2.17500000,3243.90000000,2.194
1749266804,2.17400000,935.60000000,2.194
1749266804,2.17300000,116.00000000,2.194
1749266804,2.17200000,588.70000000,2.194
1749266804,2.17100000,116.00000000,2.194
1749266804,2.17000000,16685.80000000,2.194
1749266804,2.16900000,96.80000000,2.194
1749266804,2.16800000,634.30000000,2.194
1749266804,2.16700000,116.00000000,2.194
1749266804,2.16600000,1119.60000000,2.194
1749266804,2.16500000,1383.10000000,2.194
1749266804,2.16400000,606.20000000,2.194
1749266804,2.16300000,49.80000000,2.194
1749266804,2.16200000,588.70000000,2.194
1749266804,2.16100000,11.40000000,2.194
1749266804,2.16000000,592.90000000,2.194
1749266804,2.15900000,3.50000000,2.194
1749266804,2.15800000,486.40000000,2.194
1749266804,2.15700000,1501.80000000,2.194
1749266804,2.15600000,929.80000000,2.194
1749266804,2.15500000,67.10000000,2.194
1749266804,2.15400000,1746.30000000,2.194
1749266804,2.15300000,127.20000000,2.194
1749266804,2.15200000,476.90000000,2.194
1749266804,2.15000000,721.70000000,2.194
1749266804,2.14900000,11.50000000,2.194
1749266804,2.14800000,565.10000000,2.194
1749266804,2.14700000,487.60000000,2.194
1749266804,2.14600000,647.20000000,2.194
1749266804,2.14500000,10225.10000000,2.194
1749266804,2.14400000,1798.70000000,2.194
1749266804,2.14300000,10.10000000,2.194
1749266804,2.14200000,478.80000000,2.194
1749266804,2.14100000,9.60000000,2.194
1749266804,2.14000000,520.70000000,2.194
1749266804,2.13800000,475.50000000,2.194
1749266804,2.13700000,140.10000000,2.194
1749266804,2.13600000,986.40000000,2.194
1749266804,2.13500000,328.90000000,2.194
1749266804,2.13400000,523.20000000,2.194
1749266804,2.13300000,80.90000000,2.194
1749266804,2.13100000,75.40000000,2.194
1749266804,2.13000000,4011.20000000,2.194
1749266804,2.12700000,4.50000000,2.194
1749266804,2.12600000,243.40000000,2.194
1749266804,2.12500000,4456.70000000,2.194
1749266804,2.12400000,236.90000000,2.194
1749266804,2.12300000,59.30000000,2.194
1749266804,2.12000000,19124.50000000,2.194
1749266804,2.11900000,56.30000000,2.194
1749266804,2.11800000,25.20000000,2.194
1749266804,2.11700000,16.80000000,2.194
1749266804,2.11600000,1082.40000000,2.194
1749266804,2.11500000,303.90000000,2.194
1749266804,2.11400000,288.10000000,2.194
1749266804,2.11300000,21.50000000,2.194
1749266804,2.11200000,822.00000000,2.194
1749266804,2.11100000,6.60000000,2.194
1749266804,2.11000000,970.90000000,2.194
1749266804,2.10900000,10.60000000,2.194
1749266804,2.10800000,19.30000000,2.194
1749266804,2.10700000,51.80000000,2.194
1749266804,2.10600000,90.70000000,2.194
1749266804,2.10500000,25.90000000,2.194
1749266804,2.10400000,12.70000000,2.194
1749266804,2.10300000,12.70000000,2.194
1749266804,2.10200000,13.20000000,2.194
1749266804,2.10100000,68.70000000,2.194
1749266804,2.10000000,4630.60000000,2.194
1749266804,2.09900000,53.20000000,2.194
1749266804,2.09800000,493.40000000,2.194
1749266804,2.09700000,45.70000000,2.194
1749266804,2.09600000,55.50000000,2.194
1749266804,2.09500000,49.00000000,2.194
1749266804,2.09400000,19.30000000,2.194
1749266804,2.09300000,27.10000000,2.194
1749266804,2.09200000,8.90000000,2.194
1749266804,2.09100000,182.60000000,2.194
1749266804,2.09000000,11.10000000,2.194
1749266804,2.08900000,18.60000000,2.194
1749267105,2.18300000,225.00000000,2.183
1749267105,2.18200000,1349.80000000,2.183
1749267105,2.18100000,1902.00000000,2.183
1749267105,2.18000000,2549.20000000,2.183
1749267105,2.17900000,1791.80000000,2.183
1749267105,2.17800000,1850.60000000,2.183
1749267105,2.17700000,1001.90000000,2.183
1749267105,2.17600000,1475.10000000,2.183
1749267105,2.17500000,1002.10000000,2.183
1749267105,2.17400000,1482.70000000,2.183
1749267105,2.17300000,1134.80000000,2.183
1749267105,2.17200000,1517.20000000,2.183
1749267105,2.17100000,1002.30000000,2.183
1749267105,2.17000000,3667.40000000,2.183
1749267105,2.16900000,96.80000000,2.183
1749267105,2.16800000,588.70000000,2.183
1749267105,2.16700000,476.30000000,2.183
1749267105,2.16600000,694.30000000,2.183
1749267105,2.16500000,116.00000000,2.183
1749267105,2.16400000,652.30000000,2.183
1749267105,2.16300000,208.40000000,2.183
1749267105,2.16200000,588.70000000,2.183
1749267105,2.16100000,70.90000000,2.183
1749267105,2.16000000,1863.00000000,2.183
1749267105,2.15900000,3.50000000,2.183
1749267105,2.15800000,588.70000000,2.183
1749267105,2.15700000,596.00000000,2.183
1749267105,2.15600000,599.90000000,2.183
1749267105,2.15500000,15.70000000,2.183
1749267105,2.15400000,1048.60000000,2.183
1749267105,2.15300000,16224.20000000,2.183
1749267105,2.15200000,523.20000000,2.183
1749267105,2.15000000,2290.70000000,2.183
1749267105,2.14900000,15.10000000,2.183
1749267105,2.14800000,518.70000000,2.183
1749267105,2.14700000,257.70000000,2.183
1749267105,2.14600000,1926.40000000,2.183
1749267105,2.14500000,10213.50000000,2.183
1749267105,2.14400000,1752.20000000,2.183
1749267105,2.14300000,148.70000000,2.183
1749267105,2.14200000,478.80000000,2.183
1749267105,2.14100000,9.60000000,2.183
1749267105,2.14000000,567.30000000,2.183
1749267105,2.13900000,15.50000000,2.183
1749267105,2.13800000,487.10000000,2.183
1749267105,2.13600000,472.70000000,2.183
1749267105,2.13400000,523.20000000,2.183
1749267105,2.13300000,80.90000000,2.183
1749267105,2.13100000,61.40000000,2.183
1749267105,2.13000000,4104.80000000,2.183
1749267105,2.12700000,8.30000000,2.183
1749267105,2.12600000,85.00000000,2.183
1749267105,2.12500000,4081.50000000,2.183
1749267105,2.12300000,12.30000000,2.183
1749267105,2.12200000,47.00000000,2.183
1749267105,2.12000000,19124.50000000,2.183
1749267105,2.11900000,56.30000000,2.183
1749267105,2.11800000,72.30000000,2.183
1749267105,2.11700000,16.80000000,2.183
1749267105,2.11600000,1082.40000000,2.183
1749267105,2.11500000,303.90000000,2.183
1749267105,2.11400000,288.10000000,2.183
1749267105,2.11300000,21.50000000,2.183
1749267105,2.11200000,822.00000000,2.183
1749267105,2.11100000,6.60000000,2.183
1749267105,2.11000000,970.90000000,2.183
1749267105,2.10900000,10.60000000,2.183
1749267105,2.10800000,19.30000000,2.183
1749267105,2.10700000,51.80000000,2.183
1749267105,2.10600000,90.70000000,2.183
1749267105,2.10500000,30.00000000,2.183
1749267105,2.10400000,12.70000000,2.183
1749267105,2.10300000,12.70000000,2.183
1749267105,2.10200000,13.20000000,2.183
1749267105,2.10100000,68.70000000,2.183
1749267105,2.10000000,4630.60000000,2.183
1749267105,2.09900000,53.20000000,2.183
1749267105,2.09800000,493.40000000,2.183
1749267105,2.09700000,45.70000000,2.183
1749267105,2.09600000,55.50000000,2.183
1749267105,2.09500000,49.00000000,2.183
1749267105,2.09400000,19.30000000,2.183
1749267105,2.09300000,27.10000000,2.183
1749267105,2.09200000,8.90000000,2.183
1749267105,2.09100000,182.60000000,2.183
1749267105,2.09000000,11.10000000,2.183
1749267105,2.08900000,18.60000000,2.183
1749267105,2.08800000,153.00000000,2.183
1749267105,2.08700000,38.30000000,2.183
1749267105,2.08600000,13.30000000,2.183
1749267105,2.08500000,32.20000000,2.183
1749267105,2.08400000,243.50000000,2.183
1749267105,2.08300000,461.90000000,2.183
1749267105,2.08100000,6.70000000,2.183
1749267105,2.08000000,1940.50000000,2.183
1749267105,2.07900000,18.00000000,2.183
1749267105,2.07700000,6.10000000,2.183
1749267105,2.07600000,9.60000000,2.183
1749267105,2.07500000,18.70000000,2.183
1749267105,2.07400000,4.20000000,2.183
1749267407,2.18700000,734.30000000,2.188
1749267407,2.18600000,2443.90000000,2.188
1749267407,2.18500000,1737.30000000,2.188
1749267407,2.18400000,2205.40000000,2.188
1749267407,2.18300000,2036.40000000,2.188
1749267407,2.18200000,1723.10000000,2.188
1749267407,2.18100000,1002.50000000,2.188
1749267407,2.18000000,1475.30000000,2.188
1749267407,2.17900000,1035.00000000,2.188
1749267407,2.17800000,1525.30000000,2.188
1749267407,2.17700000,1135.00000000,2.188
1749267407,2.17600000,1475.10000000,2.188
1749267407,2.17500000,1002.10000000,2.188
1749267407,2.17400000,1482.70000000,2.188
1749267407,2.17300000,1002.40000000,2.188
1749267407,2.17200000,1471.70000000,2.188
1749267407,2.17100000,3371.40000000,2.188
1749267407,2.17000000,1471.70000000,2.188
1749267407,2.16900000,487.90000000,2.188
1749267407,2.16800000,591.40000000,2.188
1749267407,2.16700000,116.00000000,2.188
1749267407,2.16600000,644.60000000,2.188
1749267407,2.16500000,116.00000000,2.188
1749267407,2.16400000,606.20000000,2.188
1749267407,2.16300000,162.30000000,2.188
1749267407,2.16200000,588.70000000,2.188
1749267407,2.16100000,70.90000000,2.188
1749267407,2.16000000,1796.70000000,2.188
1749267407,2.15900000,16228.80000000,2.188
1749267407,2.15800000,951.20000000,2.188
1749267407,2.15700000,8.50000000,2.188
1749267407,2.15600000,487.40000000,2.188
1749267407,2.15500000,15.70000000,2.188
1749267407,2.15400000,1865.40000000,2.188
1749267407,2.15300000,125.60000000,2.188
1749267407,2.15200000,476.90000000,2.188
1749267407,2.15000000,895.40000000,2.188
1749267407,2.14900000,61.50000000,2.188
1749267407,2.14800000,472.70000000,2.188
1749267407,2.14700000,40.20000000,2.188
1749267407,2.14600000,2019.10000000,2.188
1749267407,2.14500000,10225.10000000,2.188
1749267407,2.14400000,1890.80000000,2.188
1749267407,2.14300000,10.10000000,2.188
1749267407,2.14200000,478.80000000,2.188
1749267407,2.14100000,9.60000000,2.188
1749267407,2.14000000,520.70000000,2.188
1749267407,2.13800000,583.90000000,2.188
1749267407,2.13600000,472.70000000,2.188
1749267407,2.13400000,523.20000000,2.188
1749267407,2.13300000,80.90000000,2.188
1749267407,2.13100000,61.40000000,2.188
1749267407,2.13000000,4104.80000000,2.188
1749267407,2.12700000,55.20000000,2.188
1749267407,2.12600000,70.90000000,2.188
1749267407,2.12500000,4095.60000000,2.188
1749267407,2.12300000,12.30000000,2.188
1749267407,2.12000000,19124.50000000,2.188
1749267407,2.11900000,56.30000000,2.188
1749267407,2.11800000,72.30000000,2.188
1749267407,2.11700000,63.90000000,2.188
1749267407,2.11600000,1082.40000000,2.188
1749267407,2.11500000,303.90000000,2.188
1749267407,2.11400000,288.10000000,2.188
1749267407,2.11300000,21.50000000,2.188
1749267407,2.11200000,822.00000000,2.188
1749267407,2.11100000,6.60000000,2.188
1749267407,2.11000000,970.90000000,2.188
1749267407,2.10900000,10.60000000,2.188
1749267407,2.10800000,19.30000000,2.188
1749267407,2.10700000,51.80000000,2.188
1749267407,2.10600000,90.70000000,2.188
1749267407,2.10500000,30.00000000,2.188
1749267407,2.10400000,12.70000000,2.188
1749267407,2.10300000,12.70000000,2.188
1749267407,2.10200000,13.20000000,2.188
1749267407,2.10100000,68.70000000,2.188
1749267407,2.10000000,4630.60000000,2.188
1749267407,2.09900000,53.20000000,2.188
1749267407,2.09800000,493.40000000,2.188
1749267407,2.09700000,45.70000000,2.188
1749267407,2.09600000,55.50000000,2.188
1749267407,2.09500000,49.00000000,2.188
1749267407,2.09400000,19.30000000,2.188
1749267407,2.09300000,27.10000000,2.188
1749267407,2.09200000,8.90000000,2.188
1749267407,2.09100000,182.60000000,2.188
1749267407,2.09000000,11.10000000,2.188
1749267407,2.08900000,18.60000000,2.188
1749267407,2.08800000,153.00000000,2.188
1749267407,2.08700000,38.30000000,2.188
1749267407,2.08600000,13.30000000,2.188
1749267407,2.08500000,32.20000000,2.188
1749267407,2.08400000,243.50000000,2.188
1749267407,2.08300000,461.90000000,2.188
1749267407,2.08100000,6.70000000,2.188
1749267407,2.08000000,1940.50000000,2.188
1749267407,2.07900000,18.00000000,2.188
1749267407,2.07700000,6.10000000,2.188
1749267407,2.07600000,14.50000000,2.188
1749267708,2.19400000,225.00000000,2.194
1749267708,2.19300000,1331.00000000,2.194
1749267708,2.19200000,2027.90000000,2.194
1749267708,2.19100000,1676.00000000,2.194
1749267708,2.19000000,2273.90000000,2.194
1749267708,2.18900000,2180.50000000,2.194
1749267708,2.18800000,1953.50000000,2.194
1749267708,2.18700000,1002.10000000,2.194
1749267708,2.18600000,1474.80000000,2.194
1749267708,2.18500000,1002.20000000,2.194
1749267708,2.18400000,1595.90000000,2.194
1749267708,2.18300000,1190.90000000,2.194
1749267708,2.18200000,1520.40000000,2.194
1749267708,2.18100000,1002.50000000,2.194
1749267708,2.18000000,1475.30000000,2.194
1749267708,2.17900000,1035.00000000,2.194
1749267708,2.17800000,3841.80000000,2.194
1749267708,2.17700000,1340.10000000,2.194
1749267708,2.17600000,1475.10000000,2.194
1749267708,2.17500000,2176.20000000,2.194
1749267708,2.17400000,1308.70000000,2.194
1749267708,2.17300000,116.00000000,2.194
1749267708,2.17200000,588.70000000,2.194
1749267708,2.17100000,119.40000000,2.194
1749267708,2.17000000,588.70000000,2.194
1749267708,2.16900000,96.80000000,2.194
1749267708,2.16800000,16700.60000000,2.194
1749267708,2.16700000,1857.00000000,2.194
1749267708,2.16600000,704.00000000,2.194
1749267708,2.16500000,3.50000000,2.194
1749267708,2.16400000,539.80000000,2.194
1749267708,2.16300000,49.80000000,2.194
1749267708,2.16200000,476.20000000,2.194
1749267708,2.16100000,11.40000000,2.194
1749267708,2.16000000,480.40000000,2.194
1749267708,2.15900000,3.50000000,2.194
1749267708,2.15800000,1866.30000000,2.194
1749267708,2.15700000,8.50000000,2.194
1749267708,2.15600000,854.80000000,2.194
1749267708,2.15500000,15.70000000,2.194
1749267708,2.15400000,472.70000000,2.194
1749267708,2.15300000,148.00000000,2.194
1749267708,2.15200000,1751.70000000,2.194
1749267708,2.15000000,527.00000000,2.194
1749267708,2.14900000,1430.00000000,2.194
1749267708,2.14800000,472.70000000,2.194
1749267708,2.14700000,86.30000000,2.194
1749267708,2.14600000,523.20000000,2.194
1749267708,2.14500000,10225.10000000,2.194
1749267708,2.14400000,472.70000000,2.194
1749267708,2.14300000,10.10000000,2.194
1749267708,2.14200000,478.80000000,2.194
1749267708,2.14100000,9.60000000,2.194
1749267708,2.14000000,520.70000000,2.194
1749267708,2.13900000,46.20000000,2.194
1749267708,2.13800000,475.50000000,2.194
1749267708,2.13600000,472.70000000,2.194
1749267708,2.13400000,523.20000000,2.194
1749267708,2.13300000,80.90000000,2.194
1749267708,2.13100000,61.40000000,2.194
1749267708,2.13000000,4025.30000000,2.194
1749267708,2.12700000,8.30000000,2.194
1749267708,2.12600000,70.90000000,2.194
1749267708,2.12500000,4081.50000000,2.194
1749267708,2.12300000,12.30000000,2.194
1749267708,2.12000000,19124.50000000,2.194
1749267708,2.11900000,56.30000000,2.194
1749267708,2.11800000,25.20000000,2.194
1749267708,2.11700000,16.80000000,2.194
1749267708,2.11600000,1082.40000000,2.194
1749267708,2.11500000,303.90000000,2.194
1749267708,2.11400000,288.10000000,2.194
1749267708,2.11300000,21.50000000,2.194
1749267708,2.11200000,822.00000000,2.194
1749267708,2.11100000,6.60000000,2.194
1749267708,2.11000000,970.90000000,2.194
1749267708,2.10900000,10.60000000,2.194
1749267708,2.10800000,19.30000000,2.194
1749267708,2.10700000,51.80000000,2.194
1749267708,2.10600000,90.70000000,2.194
1749267708,2.10500000,30.00000000,2.194
1749267708,2.10400000,12.70000000,2.194
1749267708,2.10300000,12.70000000,2.194
1749267708,2.10200000,13.20000000,2.194
1749267708,2.10100000,68.70000000,2.194
1749267708,2.10000000,4630.60000000,2.194
1749267708,2.09900000,53.20000000,2.194
1749267708,2.09800000,493.40000000,2.194
1749267708,2.09700000,45.70000000,2.194
1749267708,2.09600000,55.50000000,2.194
1749267708,2.09500000,49.00000000,2.194
1749267708,2.09400000,19.30000000,2.194
