timestamp,price,volume,current_price
1749258304,2.15300000,368.00000000,2.153
1749258304,2.15200000,1887.50000000,2.153
1749258304,2.15100000,1932.20000000,2.153
1749258304,2.15000000,2573.00000000,2.153
1749258304,2.14900000,1634.20000000,2.153
1749258304,2.14800000,2312.50000000,2.153
1749258304,2.14700000,1151.30000000,2.153
1749258304,2.14600000,1675.90000000,2.153
1749258304,2.14500000,936.40000000,2.153
1749258304,2.14400000,1597.00000000,2.153
1749258304,2.14300000,1155.50000000,2.153
1749258304,2.14200000,1706.70000000,2.153
1749258304,2.14100000,1104.00000000,2.153
1749258304,2.14000000,3166.60000000,2.153
1749258304,2.13900000,854.40000000,2.153
1749258304,2.13800000,669.50000000,2.153
1749258304,2.13700000,116.10000000,2.153
1749258304,2.13600000,821.20000000,2.153
1749258304,2.13500000,1401.00000000,2.153
1749258304,2.13400000,991.40000000,2.153
1749258304,2.13300000,132.00000000,2.153
1749258304,2.13200000,588.80000000,2.153
1749258304,2.13100000,177.50000000,2.153
1749258304,2.13000000,2975.40000000,2.153
1749258304,2.12900000,441.10000000,2.153
1749258304,2.12800000,6682.40000000,2.153
1749258304,2.12700000,16495.40000000,2.153
1749258304,2.12600000,597.70000000,2.153
1749258304,2.12500000,3316.60000000,2.153
1749258304,2.12400000,533.60000000,2.153
1749258304,2.12300000,300.30000000,2.153
1749258304,2.12200000,476.30000000,2.153
1749258304,2.12100000,1418.00000000,2.153
1749258304,2.12000000,21769.60000000,2.153
1749258304,2.11900000,9.60000000,2.153
1749258304,2.11800000,472.70000000,2.153
1749258304,2.11700000,51.30000000,2.153
1749258304,2.11600000,1686.90000000,2.153
1749258304,2.11500000,59.80000000,2.153
1749258304,2.11400000,1204.30000000,2.153
1749258304,2.11300000,131.50000000,2.153
1749258304,2.11200000,959.60000000,2.153
1749258304,2.11100000,479.30000000,2.153
1749258304,2.11000000,1111.70000000,2.153
1749258304,2.10900000,104.40000000,2.153
1749258304,2.10800000,492.00000000,2.153
1749258304,2.10700000,99.10000000,2.153
1749258304,2.10600000,318.00000000,2.153
1749258304,2.10500000,640.80000000,2.153
1749258304,2.10400000,12.70000000,2.153
1749258304,2.10300000,12.70000000,2.153
1749258304,2.10200000,584.80000000,2.153
1749258304,2.10100000,211.20000000,2.153
1749258304,2.10000000,4705.90000000,2.153
1749258304,2.09900000,575.80000000,2.153
1749258304,2.09800000,588.40000000,2.153
1749258304,2.09700000,45.70000000,2.153
1749258304,2.09600000,575.40000000,2.153
1749258304,2.09500000,45.20000000,2.153
1749258304,2.09400000,257.30000000,2.153
1749258304,2.09300000,499.80000000,2.153
1749258304,2.09200000,56.60000000,2.153
1749258304,2.09100000,566.60000000,2.153
1749258304,2.09000000,531.50000000,2.153
1749258304,2.08900000,18.60000000,2.153
1749258304,2.08800000,248.60000000,2.153
1749258304,2.08700000,38.30000000,2.153
1749258304,2.08600000,13.30000000,2.153
1749258304,2.08500000,32.20000000,2.153
1749258304,2.08400000,5.90000000,2.153
1749258304,2.08300000,698.20000000,2.153
1749258304,2.08100000,6.70000000,2.153
1749258304,2.08000000,1944.80000000,2.153
1749258304,2.07900000,8.20000000,2.153
1749258304,2.07700000,6.10000000,2.153
1749258304,2.07600000,9.60000000,2.153
1749258304,2.07500000,25.70000000,2.153
1749258304,2.07400000,4.20000000,2.153
1749258304,2.07200000,4.50000000,2.153
1749258304,2.07000000,94.90000000,2.153
1749258304,2.06900000,445.30000000,2.153
1749258304,2.06600000,12.80000000,2.153
1749258304,2.06500000,62.00000000,2.153
1749258304,2.06400000,14.90000000,2.153
1749258304,2.06300000,48.00000000,2.153
1749258304,2.06000000,255.40000000,2.153
1749258304,2.05800000,4.60000000,2.153
1749258304,2.05700000,7.00000000,2.153
1749258304,2.05600000,5.90000000,2.153
1749258304,2.05500000,41.80000000,2.153
1749258304,2.05400000,4.50000000,2.153
1749258304,2.05200000,457.40000000,2.153
1749258304,2.05100000,218.40000000,2.153
1749258304,2.05000000,9252.20000000,2.153
1749258304,2.04800000,17.50000000,2.153
1749258304,2.04700000,241.90000000,2.153
1749258304,2.04600000,32.60000000,2.153
1749258304,2.04500000,11.00000000,2.153
1749258304,2.04400000,4.90000000,2.153
1749258304,2.04000000,215.50000000,2.153
1749258619,2.15200000,890.10000000,2.152
1749258619,2.15100000,2309.70000000,2.152
1749258619,2.15000000,3553.30000000,2.152
1749258619,2.14900000,1900.30000000,2.152
1749258619,2.14800000,2141.90000000,2.152
1749258619,2.14700000,1250.40000000,2.152
1749258619,2.14600000,1843.50000000,2.152
1749258619,2.14500000,936.40000000,2.152
1749258619,2.14400000,1706.20000000,2.152
1749258619,2.14300000,1228.70000000,2.152
1749258619,2.14200000,1524.10000000,2.152
1749258619,2.14100000,1104.10000000,2.152
1749258619,2.14000000,782.00000000,2.152
1749258619,2.13900000,3403.60000000,2.152
1749258619,2.13800000,1116.90000000,2.152
1749258619,2.13700000,1117.80000000,2.152
1749258619,2.13600000,1529.80000000,2.152
1749258619,2.13500000,1637.20000000,2.152
1749258619,2.13400000,593.00000000,2.152
1749258619,2.13300000,508.70000000,2.152
1749258619,2.13200000,588.80000000,2.152
1749258619,2.13100000,177.50000000,2.152
1749258619,2.13000000,1747.90000000,2.152
1749258619,2.12900000,441.10000000,2.152
1749258619,2.12800000,7147.00000000,2.152
1749258619,2.12700000,16448.50000000,2.152
1749258619,2.12600000,597.70000000,2.152
1749258619,2.12500000,3303.00000000,2.152
1749258619,2.12400000,1880.40000000,2.152
1749258619,2.12300000,365.80000000,2.152
1749258619,2.12200000,476.30000000,2.152
1749258619,2.12100000,3.60000000,2.152
1749258619,2.12000000,21443.10000000,2.152
1749258619,2.11900000,14.80000000,2.152
1749258619,2.11800000,2068.50000000,2.152
1749258619,2.11700000,19.90000000,2.152
1749258619,2.11600000,1529.90000000,2.152
1749258619,2.11500000,434.30000000,2.152
1749258619,2.11400000,526.60000000,2.152
1749258619,2.11300000,21.50000000,2.152
1749258619,2.11200000,833.80000000,2.152
1749258619,2.11100000,1110.70000000,2.152
1749258619,2.11000000,1111.70000000,2.152
1749258619,2.10900000,73.20000000,2.152
1749258619,2.10800000,539.30000000,2.152
1749258619,2.10700000,240.80000000,2.152
1749258619,2.10600000,49.80000000,2.152
1749258619,2.10500000,498.60000000,2.152
1749258619,2.10400000,12.70000000,2.152
1749258619,2.10300000,12.70000000,2.152
1749258619,2.10200000,490.00000000,2.152
1749258619,2.10100000,68.70000000,2.152
1749258619,2.10000000,3776.00000000,2.152
1749258619,2.09900000,525.90000000,2.152
1749258619,2.09800000,555.20000000,2.152
1749258619,2.09700000,235.70000000,2.152
1749258619,2.09600000,766.20000000,2.152
1749258619,2.09500000,92.80000000,2.152
1749258619,2.09400000,19.30000000,2.152
1749258619,2.09300000,499.80000000,2.152
1749258619,2.09200000,8.90000000,2.152
1749258619,2.09100000,185.00000000,2.152
1749258619,2.09000000,483.80000000,2.152
1749258619,2.08900000,18.60000000,2.152
1749258619,2.08800000,153.00000000,2.152
1749258619,2.08700000,86.10000000,2.152
1749258619,2.08600000,389.80000000,2.152
1749258619,2.08500000,366.40000000,2.152
1749258619,2.08400000,5.90000000,2.152
1749258619,2.08300000,698.20000000,2.152
1749258619,2.08100000,6.70000000,2.152
1749258619,2.08000000,1944.80000000,2.152
1749258619,2.07900000,8.20000000,2.152
1749258619,2.07700000,6.10000000,2.152
1749258619,2.07600000,9.60000000,2.152
1749258619,2.07500000,25.70000000,2.152
1749258619,2.07400000,4.20000000,2.152
1749258619,2.07200000,4.50000000,2.152
1749258619,2.07000000,94.90000000,2.152
1749258619,2.06900000,445.30000000,2.152
1749258619,2.06600000,12.80000000,2.152
1749258619,2.06500000,62.00000000,2.152
1749258619,2.06400000,14.90000000,2.152
1749258619,2.06300000,48.00000000,2.152
1749258619,2.06000000,255.40000000,2.152
1749258619,2.05800000,4.60000000,2.152
1749258619,2.05700000,7.00000000,2.152
1749258619,2.05600000,5.90000000,2.152
1749258619,2.05500000,41.80000000,2.152
1749258619,2.05400000,4.50000000,2.152
1749258619,2.05200000,457.40000000,2.152
1749258619,2.05100000,218.40000000,2.152
1749258619,2.05000000,9252.20000000,2.152
1749258619,2.04800000,17.50000000,2.152
1749258619,2.04700000,241.90000000,2.152
1749258619,2.04600000,32.60000000,2.152
1749258619,2.04500000,11.00000000,2.152
1749258619,2.04400000,4.90000000,2.152
1749258619,2.04000000,215.50000000,2.152
1749258619,2.03900000,75.30000000,2.152
1749258954,2.15300000,697.70000000,2.154
1749258954,2.15200000,1676.00000000,2.154
1749258954,2.15100000,2910.90000000,2.154
1749258954,2.15000000,4286.90000000,2.154
1749258954,2.14900000,2772.80000000,2.154
1749258954,2.14800000,4525.10000000,2.154
1749258954,2.14700000,1429.10000000,2.154
1749258954,2.14600000,2024.80000000,2.154
1749258954,2.14500000,1035.30000000,2.154
1749258954,2.14400000,1690.00000000,2.154
1749258954,2.14300000,1247.60000000,2.154
1749258954,2.14200000,1490.10000000,2.154
1749258954,2.14100000,1005.00000000,2.154
1749258954,2.14000000,1874.20000000,2.154
1749258954,2.13900000,824.70000000,2.154
1749258954,2.13800000,1030.20000000,2.154
1749258954,2.13700000,352.30000000,2.154
1749258954,2.13600000,871.50000000,2.154
1749258954,2.13500000,116.10000000,2.154
1749258954,2.13400000,593.00000000,2.154
1749258954,2.13300000,132.00000000,2.154
1749258954,2.13200000,588.80000000,2.154
1749258954,2.13100000,177.50000000,2.154
1749258954,2.13000000,1747.90000000,2.154
1749258954,2.12900000,18136.80000000,2.154
1749258954,2.12800000,6672.00000000,2.154
1749258954,2.12700000,375.50000000,2.154
1749258954,2.12600000,597.70000000,2.154
1749258954,2.12500000,3143.60000000,2.154
1749258954,2.12400000,476.30000000,2.154
1749258954,2.12300000,15.90000000,2.154
1749258954,2.12200000,476.30000000,2.154
1749258954,2.12100000,1418.00000000,2.154
1749258954,2.12000000,21764.50000000,2.154
1749258954,2.11900000,9.60000000,2.154
1749258954,2.11800000,599.80000000,2.154
1749258954,2.11700000,4.20000000,2.154
1749258954,2.11600000,1529.90000000,2.154
1749258954,2.11500000,59.80000000,2.154
1749258954,2.11400000,1157.10000000,2.154
1749258954,2.11300000,21.50000000,2.154
1749258954,2.11200000,833.80000000,2.154
1749258954,2.11100000,479.30000000,2.154
1749258954,2.11000000,1111.70000000,2.154
1749258954,2.10900000,57.50000000,2.154
1749258954,2.10800000,492.00000000,2.154
1749258954,2.10700000,51.80000000,2.154
1749258954,2.10600000,34.00000000,2.154
1749258954,2.10500000,498.60000000,2.154
1749258954,2.10400000,12.70000000,2.154
1749258954,2.10300000,12.70000000,2.154
1749258954,2.10200000,490.00000000,2.154
1749258954,2.10100000,68.70000000,2.154
1749258954,2.10000000,3776.00000000,2.154
1749258954,2.09900000,525.90000000,2.154
1749258954,2.09800000,507.70000000,2.154
1749258954,2.09700000,92.90000000,2.154
1749258954,2.09600000,528.20000000,2.154
1749258954,2.09500000,45.20000000,2.154
1749258954,2.09400000,19.30000000,2.154
1749258954,2.09300000,499.80000000,2.154
1749258954,2.09200000,8.90000000,2.154
1749258954,2.09100000,185.00000000,2.154
1749258954,2.09000000,483.80000000,2.154
1749258954,2.08900000,18.60000000,2.154
1749258954,2.08800000,153.00000000,2.154
1749258954,2.08700000,38.30000000,2.154
1749258954,2.08600000,246.40000000,2.154
1749258954,2.08500000,79.60000000,2.154
1749258954,2.08400000,5.90000000,2.154
1749258954,2.08300000,698.20000000,2.154
1749258954,2.08100000,6.70000000,2.154
1749258954,2.08000000,1944.80000000,2.154
1749258954,2.07900000,8.20000000,2.154
1749258954,2.07700000,6.10000000,2.154
1749258954,2.07600000,9.60000000,2.154
1749258954,2.07500000,25.70000000,2.154
1749258954,2.07400000,4.20000000,2.154
1749258954,2.07200000,4.50000000,2.154
1749258954,2.07000000,94.90000000,2.154
1749258954,2.06900000,445.30000000,2.154
1749258954,2.06600000,12.80000000,2.154
1749258954,2.06500000,62.00000000,2.154
1749258954,2.06400000,14.90000000,2.154
1749258954,2.06300000,48.00000000,2.154
1749258954,2.06000000,255.40000000,2.154
1749258954,2.05800000,4.60000000,2.154
1749258954,2.05700000,7.00000000,2.154
1749258954,2.05600000,5.90000000,2.154
1749258954,2.05500000,41.80000000,2.154
1749258954,2.05400000,4.50000000,2.154
1749258954,2.05200000,457.40000000,2.154
1749258954,2.05100000,218.40000000,2.154
1749258954,2.05000000,9252.20000000,2.154
1749258954,2.04800000,17.50000000,2.154
1749258954,2.04700000,241.90000000,2.154
1749258954,2.04600000,37.50000000,2.154
1749258954,2.04500000,11.00000000,2.154
1749258954,2.04000000,215.50000000,2.154
1749258954,2.03900000,75.30000000,2.154
1749259257,2.14900000,128.60000000,2.15
1749259257,2.14800000,1603.20000000,2.15
1749259257,2.14700000,1695.30000000,2.15
1749259257,2.14600000,2750.80000000,2.15
1749259257,2.14500000,1888.00000000,2.15
1749259257,2.14400000,2192.60000000,2.15
1749259257,2.14300000,1677.10000000,2.15
1749259257,2.14200000,1477.50000000,2.15
1749259257,2.14100000,1197.10000000,2.15
1749259257,2.14000000,1598.50000000,2.15
1749259257,2.13900000,3545.80000000,2.15
1749259257,2.13800000,1490.40000000,2.15
1749259257,2.13700000,1005.40000000,2.15
1749259257,2.13600000,1121.40000000,2.15
1749259257,2.13500000,824.70000000,2.15
1749259257,2.13400000,593.00000000,2.15
1749259257,2.13300000,956.90000000,2.15
1749259257,2.13200000,1623.70000000,2.15
1749259257,2.13100000,1701.00000000,2.15
1749259257,2.13000000,1971.00000000,2.15
1749259257,2.12900000,116.10000000,2.15
1749259257,2.12800000,6672.00000000,2.15
1749259257,2.12700000,138.50000000,2.15
1749259257,2.12600000,597.70000000,2.15
1749259257,2.12500000,3316.60000000,2.15
1749259257,2.12400000,17034.50000000,2.15
1749259257,2.12300000,454.40000000,2.15
1749259257,2.12200000,635.80000000,2.15
1749259257,2.12100000,241.20000000,2.15
1749259257,2.12000000,21390.90000000,2.15
1749259257,2.11900000,9.60000000,2.15
1749259257,2.11800000,597.80000000,2.15
1749259257,2.11700000,1300.10000000,2.15
1749259257,2.11600000,1904.20000000,2.15
1749259257,2.11500000,1478.20000000,2.15
1749259257,2.11400000,526.60000000,2.15
1749259257,2.11300000,21.50000000,2.15
1749259257,2.11200000,833.80000000,2.15
1749259257,2.11100000,479.30000000,2.15
1749259257,2.11000000,970.90000000,2.15
1749259257,2.10900000,57.50000000,2.15
1749259257,2.10800000,1124.30000000,2.15
1749259257,2.10700000,51.80000000,2.15
1749259257,2.10600000,34.00000000,2.15
1749259257,2.10500000,639.70000000,2.15
1749259257,2.10400000,12.70000000,2.15
1749259257,2.10300000,12.70000000,2.15
1749259257,2.10200000,490.00000000,2.15
1749259257,2.10100000,68.70000000,2.15
1749259257,2.10000000,3776.00000000,2.15
1749259257,2.09900000,525.90000000,2.15
1749259257,2.09800000,493.40000000,2.15
1749259257,2.09700000,92.90000000,2.15
1749259257,2.09600000,528.20000000,2.15
1749259257,2.09500000,45.20000000,2.15
1749259257,2.09400000,19.30000000,2.15
1749259257,2.09300000,499.80000000,2.15
1749259257,2.09200000,8.90000000,2.15
1749259257,2.09100000,185.00000000,2.15
1749259257,2.09000000,498.20000000,2.15
1749259257,2.08900000,18.60000000,2.15
1749259257,2.08800000,153.00000000,2.15
1749259257,2.08700000,38.30000000,2.15
1749259257,2.08600000,246.40000000,2.15
1749259257,2.08500000,79.60000000,2.15
1749259257,2.08400000,5.90000000,2.15
1749259257,2.08300000,698.20000000,2.15
1749259257,2.08100000,6.70000000,2.15
1749259257,2.08000000,1944.80000000,2.15
1749259257,2.07900000,8.20000000,2.15
1749259257,2.07700000,6.10000000,2.15
1749259257,2.07600000,9.60000000,2.15
1749259257,2.07500000,25.70000000,2.15
1749259257,2.07400000,4.20000000,2.15
1749259257,2.07200000,4.50000000,2.15
1749259257,2.07000000,94.90000000,2.15
1749259257,2.06900000,445.30000000,2.15
1749259257,2.06600000,12.80000000,2.15
1749259257,2.06500000,62.00000000,2.15
1749259257,2.06400000,14.90000000,2.15
1749259257,2.06300000,48.00000000,2.15
1749259257,2.06000000,255.40000000,2.15
1749259257,2.05800000,4.60000000,2.15
1749259257,2.05700000,7.00000000,2.15
1749259257,2.05600000,5.90000000,2.15
1749259257,2.05500000,41.80000000,2.15
1749259257,2.05400000,4.50000000,2.15
1749259257,2.05200000,457.40000000,2.15
1749259257,2.05100000,218.40000000,2.15
1749259257,2.05000000,9252.20000000,2.15
1749259257,2.04800000,17.50000000,2.15
1749259257,2.04700000,241.90000000,2.15
1749259257,2.04600000,37.50000000,2.15
1749259257,2.04500000,11.00000000,2.15
1749259257,2.04000000,215.50000000,2.15
1749259257,2.03900000,75.30000000,2.15
1749259257,2.03800000,71.10000000,2.15
1749259257,2.03700000,147.20000000,2.15
1749259257,2.03600000,9.40000000,2.15
1749259257,2.03500000,3.90000000,2.15
