timestamp,price,volume,current_price
1749258470,0.02712000,57414.20000000,0.02714
1749258470,0.02711000,56629.90000000,0.02714
1749258470,0.02710000,45530.20000000,0.02714
1749258470,0.02709000,90710.50000000,0.02714
1749258470,0.02708000,177546.80000000,0.02714
1749258470,0.02707000,143934.50000000,0.02714
1749258470,0.02706000,152265.30000000,0.02714
1749258470,0.02705000,69017.30000000,0.02714
1749258470,0.02704000,323132.30000000,0.02714
1749258470,0.02703000,62700.30000000,0.02714
1749258470,0.02702000,65966.50000000,0.02714
1749258470,0.02701000,27588.50000000,0.02714
1749258470,0.02700000,28002.40000000,0.02714
1749258470,0.02699000,63759.10000000,0.02714
1749258470,0.02698000,44768.90000000,0.02714
1749258470,0.02697000,20181.70000000,0.02714
1749258470,0.02696000,20295.00000000,0.02714
1749258470,0.02695000,20130.30000000,0.02714
1749258470,0.02694000,646472.70000000,0.02714
1749258470,0.02693000,8550.00000000,0.02714
1749258470,0.02692000,91407.30000000,0.02714
1749258470,0.02689000,31275.40000000,0.02714
1749258470,0.02687000,8550.00000000,0.02714
1749258470,0.02686000,44252.00000000,0.02714
1749258470,0.02685000,8550.00000000,0.02714
1749258470,0.02684000,330060.80000000,0.02714
1749258470,0.02681000,129077.50000000,0.02714
1749258470,0.02680000,81359.60000000,0.02714
1749258470,0.02679000,17049.30000000,0.02714
1749258470,0.02672000,8550.00000000,0.02714
1749258470,0.02670000,141794.40000000,0.02714
1749258470,0.02669000,8550.00000000,0.02714
1749258470,0.02668000,15588.30000000,0.02714
1749258470,0.02667000,718271.20000000,0.02714
1749258470,0.02663000,8550.00000000,0.02714
1749258470,0.02661000,1738.50000000,0.02714
1749258470,0.02658000,1488.40000000,0.02714
1749258470,0.02656000,8550.00000000,0.02714
1749258470,0.02655000,263.60000000,0.02714
1749258470,0.02652000,3006.00000000,0.02714
1749258470,0.02651000,18814.60000000,0.02714
1749258470,0.02650000,2077.00000000,0.02714
1749258470,0.02648000,755.20000000,0.02714
1749258470,0.02644000,378.20000000,0.02714
1749258470,0.02635000,815.40000000,0.02714
1749258470,0.02634000,624.50000000,0.02714
1749258470,0.02628000,1438.60000000,0.02714
1749258470,0.02626000,266.50000000,0.02714
1749258470,0.02623000,571.80000000,0.02714
1749258470,0.02622000,3006.00000000,0.02714
1749258470,0.02618000,763.90000000,0.02714
1749258470,0.02611000,100000.00000000,0.02714
1749258470,0.02610000,6333.20000000,0.02714
1749258470,0.02607000,5005.00000000,0.02714
1749258470,0.02606000,313.60000000,0.02714
1749258470,0.02601000,12095.50000000,0.02714
1749258470,0.02600000,211898.00000000,0.02714
1749258470,0.02599000,38976.40000000,0.02714
1749258470,0.02590000,4167.20000000,0.02714
1749258470,0.02588000,772.70000000,0.02714
1749258470,0.02584000,386.90000000,0.02714
1749258470,0.02582000,19506.30000000,0.02714
1749258470,0.02580000,15495.00000000,0.02714
1749258470,0.02579000,3877.40000000,0.02714
1749258470,0.02577000,620.80000000,0.02714
1749258470,0.02574000,1000.00000000,0.02714
1749258470,0.02573000,1008.80000000,0.02714
1749258470,0.02571000,132394.80000000,0.02714
1749258470,0.02570000,200.00000000,0.02714
1749258470,0.02568000,526.90000000,0.02714
1749258470,0.02567000,78297.00000000,0.02714
1749258470,0.02566000,6667.50000000,0.02714
1749258470,0.02565000,22553.90000000,0.02714
1749258470,0.02561000,1952.40000000,0.02714
1749258470,0.02560000,3197.30000000,0.02714
1749258470,0.02557000,195.60000000,0.02714
1749258470,0.02555000,41561.50000000,0.02714
1749258470,0.02553000,392.00000000,0.02714
1749258470,0.02552000,4153.50000000,0.02714
1749258470,0.02551000,627.30000000,0.02714
1749258470,0.02550000,61198.10000000,0.02714
1749258470,0.02549000,4484.40000000,0.02714
1749258470,0.02545000,200.00000000,0.02714
1749258470,0.02543000,553.10000000,0.02714
1749258470,0.02539000,11815.60000000,0.02714
1749258470,0.02538000,2362.80000000,0.02714
1749258470,0.02535000,433.90000000,0.02714
1749258470,0.02530000,200.00000000,0.02714
1749258470,0.02523000,1981.70000000,0.02714
1749258470,0.02519000,9975.40000000,0.02714
1749258470,0.02516000,298.00000000,0.02714
1749258470,0.02510000,43936.10000000,0.02714
1749258470,0.02506000,7980.90000000,0.02714
1749258470,0.02501000,2850.90000000,0.02714
1749258470,0.02500000,427226.10000000,0.02714
1749258470,0.02499000,280.10000000,0.02714
1749258470,0.02496000,940.90000000,0.02714
1749258470,0.02485000,87430.00000000,0.02714
1749258470,0.02480000,1655.60000000,0.02714
1749258470,0.02479000,1010.80000000,0.02714
1749258831,0.02716000,30476.90000000,0.02717
1749258831,0.02715000,49359.30000000,0.02717
1749258831,0.02714000,78332.40000000,0.02717
1749258831,0.02713000,139519.10000000,0.02717
1749258831,0.02712000,155827.60000000,0.02717
1749258831,0.02711000,199168.00000000,0.02717
1749258831,0.02710000,105919.40000000,0.02717
1749258831,0.02709000,69760.00000000,0.02717
1749258831,0.02708000,30332.80000000,0.02717
1749258831,0.02707000,29146.20000000,0.02717
1749258831,0.02706000,76297.00000000,0.02717
1749258831,0.02705000,29948.50000000,0.02717
1749258831,0.02704000,72429.70000000,0.02717
1749258831,0.02703000,19925.90000000,0.02717
1749258831,0.02702000,22321.20000000,0.02717
1749258831,0.02701000,20162.40000000,0.02717
1749258831,0.02700000,111741.40000000,0.02717
1749258831,0.02699000,313697.20000000,0.02717
1749258831,0.02698000,20179.60000000,0.02717
1749258831,0.02697000,20181.70000000,0.02717
1749258831,0.02696000,18137.60000000,0.02717
1749258831,0.02695000,21052.80000000,0.02717
1749258831,0.02694000,645551.90000000,0.02717
1749258831,0.02693000,138617.60000000,0.02717
1749258831,0.02692000,20136.70000000,0.02717
1749258831,0.02690000,922.80000000,0.02717
1749258831,0.02688000,245519.90000000,0.02717
1749258831,0.02686000,44252.00000000,0.02717
1749258831,0.02685000,923.00000000,0.02717
1749258831,0.02684000,53407.80000000,0.02717
1749258831,0.02683000,159296.50000000,0.02717
1749258831,0.02682000,1237.70000000,0.02717
1749258831,0.02681000,8550.00000000,0.02717
1749258831,0.02680000,53416.90000000,0.02717
1749258831,0.02679000,13353.90000000,0.02717
1749258831,0.02677000,8550.00000000,0.02717
1749258831,0.02675000,922.10000000,0.02717
1749258831,0.02672000,143420.80000000,0.02717
1749258831,0.02671000,7942.00000000,0.02717
1749258831,0.02670000,922.10000000,0.02717
1749258831,0.02669000,8550.00000000,0.02717
1749258831,0.02668000,15588.30000000,0.02717
1749258831,0.02667000,710825.10000000,0.02717
1749258831,0.02666000,8550.00000000,0.02717
1749258831,0.02665000,922.10000000,0.02717
1749258831,0.02662000,8550.00000000,0.02717
1749258831,0.02661000,10288.50000000,0.02717
1749258831,0.02658000,1488.40000000,0.02717
1749258831,0.02656000,8550.00000000,0.02717
1749258831,0.02655000,263.60000000,0.02717
1749258831,0.02652000,3006.00000000,0.02717
1749258831,0.02651000,18814.60000000,0.02717
1749258831,0.02650000,2077.00000000,0.02717
1749258831,0.02648000,755.20000000,0.02717
1749258831,0.02644000,378.20000000,0.02717
1749258831,0.02635000,815.40000000,0.02717
1749258831,0.02634000,624.50000000,0.02717
1749258831,0.02629000,228.20000000,0.02717
1749258831,0.02628000,1438.60000000,0.02717
1749258831,0.02626000,266.50000000,0.02717
1749258831,0.02623000,571.80000000,0.02717
1749258831,0.02622000,3006.00000000,0.02717
1749258831,0.02618000,763.90000000,0.02717
1749258831,0.02611000,100000.00000000,0.02717
1749258831,0.02610000,6333.20000000,0.02717
1749258831,0.02607000,5005.00000000,0.02717
1749258831,0.02606000,313.60000000,0.02717
1749258831,0.02601000,12095.50000000,0.02717
1749258831,0.02600000,211898.00000000,0.02717
1749258831,0.02599000,38976.40000000,0.02717
1749258831,0.02590000,4167.20000000,0.02717
1749258831,0.02588000,772.70000000,0.02717
1749258831,0.02584000,386.90000000,0.02717
1749258831,0.02582000,19506.30000000,0.02717
1749258831,0.02580000,15495.00000000,0.02717
1749258831,0.02579000,3877.40000000,0.02717
1749258831,0.02577000,620.80000000,0.02717
1749258831,0.02574000,1000.00000000,0.02717
1749258831,0.02573000,1008.80000000,0.02717
1749258831,0.02571000,132394.80000000,0.02717
1749258831,0.02570000,200.00000000,0.02717
1749258831,0.02568000,526.90000000,0.02717
1749258831,0.02567000,78297.00000000,0.02717
1749258831,0.02566000,6667.50000000,0.02717
1749258831,0.02565000,22553.90000000,0.02717
1749258831,0.02561000,1952.40000000,0.02717
1749258831,0.02560000,3197.30000000,0.02717
1749258831,0.02557000,195.60000000,0.02717
1749258831,0.02555000,41561.50000000,0.02717
1749258831,0.02553000,392.00000000,0.02717
1749258831,0.02552000,4153.50000000,0.02717
1749258831,0.02551000,627.30000000,0.02717
1749258831,0.02550000,61198.10000000,0.02717
1749258831,0.02549000,4484.40000000,0.02717
1749258831,0.02547000,353.40000000,0.02717
1749258831,0.02545000,200.00000000,0.02717
1749258831,0.02543000,553.10000000,0.02717
1749258831,0.02539000,11815.60000000,0.02717
1749258831,0.02538000,2362.80000000,0.02717
1749258831,0.02535000,433.90000000,0.02717
1749259138,0.02706000,38681.80000000,0.02708
1749259138,0.02705000,114723.70000000,0.02708
1749259138,0.02704000,201642.90000000,0.02708
1749259138,0.02703000,142518.70000000,0.02708
1749259138,0.02702000,185919.40000000,0.02708
1749259138,0.02701000,54610.60000000,0.02708
1749259138,0.02700000,28008.20000000,0.02708
1749259138,0.02699000,26325.50000000,0.02708
1749259138,0.02698000,20179.60000000,0.02708
1749259138,0.02697000,20181.70000000,0.02708
1749259138,0.02696000,20269.50000000,0.02708
1749259138,0.02695000,357731.60000000,0.02708
1749259138,0.02694000,63242.20000000,0.02708
1749259138,0.02693000,35760.40000000,0.02708
1749259138,0.02692000,22368.40000000,0.02708
1749259138,0.02691000,65421.40000000,0.02708
1749259138,0.02690000,922.80000000,0.02708
1749259138,0.02688000,11605.90000000,0.02708
1749259138,0.02687000,47299.00000000,0.02708
1749259138,0.02686000,8550.00000000,0.02708
1749259138,0.02685000,9473.00000000,0.02708
1749259138,0.02684000,39899.50000000,0.02708
1749259138,0.02683000,119973.30000000,0.02708
1749259138,0.02682000,629459.80000000,0.02708
1749259138,0.02681000,8550.00000000,0.02708
1749259138,0.02680000,9473.00000000,0.02708
1749259138,0.02679000,293427.70000000,0.02708
1749259138,0.02678000,8550.00000000,0.02708
1749259138,0.02677000,53611.20000000,0.02708
1749259138,0.02676000,8550.00000000,0.02708
1749259138,0.02675000,9472.10000000,0.02708
1749259138,0.02674000,130460.00000000,0.02708
1749259138,0.02673000,43912.30000000,0.02708
1749259138,0.02671000,35902.50000000,0.02708
1749259138,0.02670000,922.10000000,0.02708
1749259138,0.02669000,8550.00000000,0.02708
1749259138,0.02668000,15588.30000000,0.02708
1749259138,0.02667000,10825.10000000,0.02708
1749259138,0.02666000,8550.00000000,0.02708
1749259138,0.02665000,9472.10000000,0.02708
1749259138,0.02663000,143420.80000000,0.02708
1749259138,0.02662000,8550.00000000,0.02708
1749259138,0.02661000,10288.50000000,0.02708
1749259138,0.02660000,9470.80000000,0.02708
1749259138,0.02659000,6525.40000000,0.02708
1749259138,0.02658000,10038.40000000,0.02708
1749259138,0.02656000,8550.00000000,0.02708
1749259138,0.02655000,701186.10000000,0.02708
1749259138,0.02654000,8550.00000000,0.02708
1749259138,0.02652000,3006.00000000,0.02708
1749259138,0.02651000,18814.60000000,0.02708
1749259138,0.02650000,2077.00000000,0.02708
1749259138,0.02648000,755.20000000,0.02708
1749259138,0.02644000,378.20000000,0.02708
1749259138,0.02635000,815.40000000,0.02708
1749259138,0.02634000,624.50000000,0.02708
1749259138,0.02629000,228.20000000,0.02708
1749259138,0.02628000,1438.60000000,0.02708
1749259138,0.02626000,266.50000000,0.02708
1749259138,0.02623000,571.80000000,0.02708
1749259138,0.02622000,3006.00000000,0.02708
1749259138,0.02618000,763.90000000,0.02708
1749259138,0.02611000,100000.00000000,0.02708
1749259138,0.02610000,6333.20000000,0.02708
1749259138,0.02607000,5005.00000000,0.02708
1749259138,0.02606000,313.60000000,0.02708
1749259138,0.02601000,12095.50000000,0.02708
1749259138,0.02600000,211898.00000000,0.02708
1749259138,0.02599000,38976.40000000,0.02708
1749259138,0.02590000,4167.20000000,0.02708
1749259138,0.02588000,772.70000000,0.02708
1749259138,0.02584000,386.90000000,0.02708
1749259138,0.02582000,19506.30000000,0.02708
1749259138,0.02580000,15495.00000000,0.02708
1749259138,0.02579000,3877.40000000,0.02708
1749259138,0.02577000,620.80000000,0.02708
1749259138,0.02574000,1000.00000000,0.02708
1749259138,0.02573000,1008.80000000,0.02708
1749259138,0.02571000,132394.80000000,0.02708
1749259138,0.02570000,200.00000000,0.02708
1749259138,0.02568000,526.90000000,0.02708
1749259138,0.02567000,78297.00000000,0.02708
1749259138,0.02566000,6667.50000000,0.02708
1749259138,0.02565000,22553.90000000,0.02708
1749259138,0.02561000,1952.40000000,0.02708
1749259138,0.02560000,3197.30000000,0.02708
1749259138,0.02557000,195.60000000,0.02708
1749259138,0.02555000,41561.50000000,0.02708
1749259138,0.02553000,392.00000000,0.02708
1749259138,0.02552000,4153.50000000,0.02708
1749259138,0.02551000,627.30000000,0.02708
1749259138,0.02550000,61198.10000000,0.02708
1749259138,0.02549000,4484.40000000,0.02708
1749259138,0.02547000,353.40000000,0.02708
1749259138,0.02545000,200.00000000,0.02708
1749259138,0.02543000,553.10000000,0.02708
1749259138,0.02539000,11815.60000000,0.02708
1749259138,0.02538000,2362.80000000,0.02708
1749259138,0.02535000,433.90000000,0.02708
1749259138,0.02530000,200.00000000,0.02708
