timestamp,price,volume,current_price
1749254640,0.00660100,12513.30000000,0.006602
1749254640,0.00660000,1514.20000000,0.006602
1749254640,0.00659900,38199.90000000,0.006602
1749254640,0.00659800,106392.20000000,0.006602
1749254640,0.00659700,151585.70000000,0.006602
1749254640,0.00659600,121246.80000000,0.006602
1749254640,0.00659500,246107.20000000,0.006602
1749254640,0.00659400,627568.20000000,0.006602
1749254640,0.00659300,517594.90000000,0.006602
1749254640,0.00659200,159702.40000000,0.006602
1749254640,0.00659100,300771.70000000,0.006602
1749254640,0.00659000,244248.80000000,0.006602
1749254640,0.00658900,534391.00000000,0.006602
1749254640,0.00658800,265767.10000000,0.006602
1749254640,0.00658700,615552.20000000,0.006602
1749254640,0.00658600,118927.70000000,0.006602
1749254640,0.00658500,242449.00000000,0.006602
1749254640,0.00658400,203958.30000000,0.006602
1749254640,0.00658300,377897.50000000,0.006602
1749254640,0.00658200,235701.50000000,0.006602
1749254640,0.00658100,192600.50000000,0.006602
1749254640,0.00658000,72161.70000000,0.006602
1749254640,0.00657900,298534.30000000,0.006602
1749254640,0.00657800,117912.90000000,0.006602
1749254640,0.00657700,513022.00000000,0.006602
1749254640,0.00657600,131076.90000000,0.006602
1749254640,0.00657500,117912.90000000,0.006602
1749254640,0.00657400,142490.50000000,0.006602
1749254640,0.00657300,406379.30000000,0.006602
1749254640,0.00657200,40836.60000000,0.006602
1749254640,0.00657100,378079.90000000,0.006602
1749254640,0.00657000,70594.40000000,0.006602
1749254640,0.00656900,194056.30000000,0.006602
1749254640,0.00656800,121830.80000000,0.006602
1749254640,0.00656700,185993.50000000,0.006602
1749254640,0.00656600,92395.70000000,0.006602
1749254640,0.00656500,378156.00000000,0.006602
1749254640,0.00656400,6426.00000000,0.006602
1749254640,0.00656300,82535.20000000,0.006602
1749254640,0.00656200,82559.90000000,0.006602
1749254640,0.00656100,150435.90000000,0.006602
1749254640,0.00656000,104026.20000000,0.006602
1749254640,0.00655900,297101.60000000,0.006602
1749254640,0.00655800,2639.50000000,0.006602
1749254640,0.00655700,1506.60000000,0.006602
1749254640,0.00655600,1506.90000000,0.006602
1749254640,0.00655500,150438.40000000,0.006602
1749254640,0.00655400,1506.90000000,0.006602
1749254640,0.00655300,1507.60000000,0.006602
1749254640,0.00655200,7149.00000000,0.006602
1749254640,0.00655100,1508.00000000,0.006602
1749254640,0.00655000,7161.30000000,0.006602
1749254640,0.00654900,2643.10000000,0.006602
1749254640,0.00654800,481880.70000000,0.006602
1749254640,0.00654700,1508.70000000,0.006602
1749254640,0.00654600,2644.00000000,0.006602
1749254640,0.00654500,1509.40000000,0.006602
1749254640,0.00654400,202843.30000000,0.006602
1749254640,0.00654300,150501.70000000,0.006602
1749254640,0.00654200,3068852.00000000,0.006602
1749254640,0.00654100,1510.30000000,0.006602
1749254640,0.00654000,2646.30000000,0.006602
1749254640,0.00653900,173998.60000000,0.006602
1749254640,0.00653800,107871.00000000,0.006602
1749254640,0.00653700,299301.80000000,0.006602
1749254640,0.00653600,1511.70000000,0.006602
1749254640,0.00653500,1511.70000000,0.006602
1749254640,0.00653400,2649.10000000,0.006602
1749254640,0.00653300,149310.10000000,0.006602
1749254640,0.00653200,1512.30000000,0.006602
1749254640,0.00653100,2650.40000000,0.006602
1749254640,0.00653000,154512.70000000,0.006602
1749254640,0.00652900,1512.70000000,0.006602
1749254640,0.00652800,2651.10000000,0.006602
1749254640,0.00652700,1513.50000000,0.006602
1749254640,0.00652600,297109.30000000,0.006602
1749254640,0.00652300,9213.70000000,0.006602
1749254640,0.00652200,253921.10000000,0.006602
1749254640,0.00651700,77358.60000000,0.006602
1749254640,0.00651500,295595.60000000,0.006602
1749254640,0.00651400,5184.20000000,0.006602
1749254640,0.00651200,6200.40000000,0.006602
1749254640,0.00651100,147797.80000000,0.006602
1749254640,0.00650400,295595.60000000,0.006602
1749254640,0.00650300,154324.40000000,0.006602
1749254640,0.00650100,11759.30000000,0.006602
1749254640,0.00650000,285947.40000000,0.006602
1749254640,0.00648900,147797.80000000,0.006602
1749254640,0.00648700,338756.60000000,0.006602
1749254640,0.00648300,9270.00000000,0.006602
1749254640,0.00648100,147797.80000000,0.006602
1749254640,0.00648000,17129.60000000,0.006602
1749254640,0.00647500,6661387.10000000,0.006602
1749254640,0.00646400,150194.40000000,0.006602
1749254640,0.00645500,887.50000000,0.006602
1749254640,0.00645100,3721.70000000,0.006602
1749254640,0.00644400,9327.00000000,0.006602
1749254640,0.00644200,62018.90000000,0.006602
1749254640,0.00643900,155858.30000000,0.006602
1749254640,0.00643500,3406.70000000,0.006602
1749254958,0.00661300,7523.20000000,0.006614
1749254958,0.00661200,31862.30000000,0.006614
1749254958,0.00661100,76857.20000000,0.006614
1749254958,0.00661000,50153.90000000,0.006614
1749254958,0.00660900,38416.80000000,0.006614
1749254958,0.00660800,116863.20000000,0.006614
1749254958,0.00660700,249421.30000000,0.006614
1749254958,0.00660600,132222.10000000,0.006614
1749254958,0.00660500,137245.00000000,0.006614
1749254958,0.00660400,339862.50000000,0.006614
1749254958,0.00660300,434735.90000000,0.006614
1749254958,0.00660200,470393.80000000,0.006614
1749254958,0.00660100,426746.20000000,0.006614
1749254958,0.00660000,78884.00000000,0.006614
1749254958,0.00659900,262993.60000000,0.006614
1749254958,0.00659800,303973.80000000,0.006614
1749254958,0.00659700,185999.00000000,0.006614
1749254958,0.00659600,275289.40000000,0.006614
1749254958,0.00659500,583619.50000000,0.006614
1749254958,0.00659400,109778.80000000,0.006614
1749254958,0.00659300,117741.50000000,0.006614
1749254958,0.00659200,575947.50000000,0.006614
1749254958,0.00659100,266689.10000000,0.006614
1749254958,0.00659000,37066.00000000,0.006614
1749254958,0.00658900,377872.40000000,0.006614
1749254958,0.00658800,41984.00000000,0.006614
1749254958,0.00658700,232589.00000000,0.006614
1749254958,0.00658600,117790.90000000,0.006614
1749254958,0.00658500,185990.70000000,0.006614
1749254958,0.00658400,178418.40000000,0.006614
1749254958,0.00658300,471130.00000000,0.006614
1749254958,0.00658200,311601.30000000,0.006614
1749254958,0.00658100,117876.30000000,0.006614
1749254958,0.00658000,73187.50000000,0.006614
1749254958,0.00657900,266813.50000000,0.006614
1749254958,0.00657800,117912.90000000,0.006614
1749254958,0.00657700,527842.00000000,0.006614
1749254958,0.00657600,104921.10000000,0.006614
1749254958,0.00657500,158339.80000000,0.006614
1749254958,0.00657400,82397.90000000,0.006614
1749254958,0.00657300,289934.20000000,0.006614
1749254958,0.00657200,5283.20000000,0.006614
1749254958,0.00657100,297099.10000000,0.006614
1749254958,0.00657000,2644.60000000,0.006614
1749254958,0.00656900,1504.80000000,0.006614
1749254958,0.00656800,1504.20000000,0.006614
1749254958,0.00656700,150443.50000000,0.006614
1749254958,0.00656600,1504.60000000,0.006614
1749254958,0.00656500,297101.60000000,0.006614
1749254958,0.00656400,2642.50000000,0.006614
1749254958,0.00656300,1505.30000000,0.006614
1749254958,0.00656200,1505.50000000,0.006614
1749254958,0.00656100,150435.90000000,0.006614
1749254958,0.00656000,1506.00000000,0.006614
1749254958,0.00655900,297101.60000000,0.006614
1749254958,0.00655800,2639.50000000,0.006614
1749254958,0.00655700,1506.60000000,0.006614
1749254958,0.00655600,55454.10000000,0.006614
1749254958,0.00655500,150438.40000000,0.006614
1749254958,0.00655400,2903286.70000000,0.006614
1749254958,0.00655300,1507.60000000,0.006614
1749254958,0.00655200,7149.00000000,0.006614
1749254958,0.00655100,1508.00000000,0.006614
1749254958,0.00655000,7161.30000000,0.006614
1749254958,0.00654900,2643.10000000,0.006614
1749254958,0.00654800,629506.90000000,0.006614
1749254958,0.00654700,1508.70000000,0.006614
1749254958,0.00654600,2644.00000000,0.006614
1749254958,0.00654500,1509.40000000,0.006614
1749254958,0.00654400,149307.40000000,0.006614
1749254958,0.00654300,2645.40000000,0.006614
1749254958,0.00654200,81401.40000000,0.006614
1749254958,0.00654100,1510.50000000,0.006614
1749254958,0.00654000,2646.30000000,0.006614
1749254958,0.00653900,173998.80000000,0.006614
1749254958,0.00653800,107871.20000000,0.006614
1749254958,0.00653700,297790.60000000,0.006614
1749254958,0.00653400,1137.20000000,0.006614
1749254958,0.00653300,147797.80000000,0.006614
1749254958,0.00653100,1137.80000000,0.006614
1749254958,0.00652800,1137.80000000,0.006614
1749254958,0.00652700,9207.80000000,0.006614
1749254958,0.00652600,295595.60000000,0.006614
1749254958,0.00652200,253921.10000000,0.006614
1749254958,0.00651700,77358.60000000,0.006614
1749254958,0.00651500,295595.60000000,0.006614
1749254958,0.00651400,5184.20000000,0.006614
1749254958,0.00651200,6200.40000000,0.006614
1749254958,0.00651100,147797.80000000,0.006614
1749254958,0.00650400,295595.60000000,0.006614
1749254958,0.00650300,154324.40000000,0.006614
1749254958,0.00650100,11759.30000000,0.006614
1749254958,0.00650000,285947.40000000,0.006614
1749254958,0.00648900,147797.80000000,0.006614
1749254958,0.00648800,6612101.10000000,0.006614
1749254958,0.00648700,338756.60000000,0.006614
1749254958,0.00648100,147797.80000000,0.006614
1749254958,0.00648000,17129.60000000,0.006614
1749254958,0.00647500,147797.80000000,0.006614
1749254958,0.00646400,150194.40000000,0.006614
