timestamp,price,volume,current_price
1749260788,0.00662600,7523.20000000,0.006626
1749260788,0.00662500,55119.60000000,0.006626
1749260788,0.00662400,62075.00000000,0.006626
1749260788,0.00662300,72234.80000000,0.006626
1749260788,0.00662200,140468.20000000,0.006626
1749260788,0.00662100,367455.60000000,0.006626
1749260788,0.00662000,651004.30000000,0.006626
1749260788,0.00661900,395744.60000000,0.006626
1749260788,0.00661800,365488.20000000,0.006626
1749260788,0.00661700,627167.10000000,0.006626
1749260788,0.00661600,520490.20000000,0.006626
1749260788,0.00661500,323511.60000000,0.006626
1749260788,0.00661400,676903.30000000,0.006626
1749260788,0.00661300,827262.00000000,0.006626
1749260788,0.00661200,238531.40000000,0.006626
1749260788,0.00661100,132985.70000000,0.006626
1749260788,0.00661000,38176.80000000,0.006626
1749260788,0.00660900,230901.20000000,0.006626
1749260788,0.00660800,449051.10000000,0.006626
1749260788,0.00660700,37045.40000000,0.006626
1749260788,0.00660600,38180.20000000,0.006626
1749260788,0.00660500,117563.50000000,0.006626
1749260788,0.00660400,117563.70000000,0.006626
1749260788,0.00660300,185979.40000000,0.006626
1749260788,0.00660200,297092.10000000,0.006626
1749260788,0.00660100,117612.90000000,0.006626
1749260788,0.00660000,68839.30000000,0.006626
1749260788,0.00659900,117601.20000000,0.006626
1749260788,0.00659800,117698.40000000,0.006626
1749260788,0.00659700,290898.20000000,0.006626
1749260788,0.00659600,297093.40000000,0.006626
1749260788,0.00659500,117870.10000000,0.006626
1749260788,0.00659400,292804.60000000,0.006626
1749260788,0.00659300,198958.10000000,0.006626
1749260788,0.00659200,216028.40000000,0.006626
1749260788,0.00659100,185984.40000000,0.006626
1749260788,0.00659000,388130.10000000,0.006626
1749260788,0.00658900,102179.40000000,0.006626
1749260788,0.00658800,2637.50000000,0.006626
1749260788,0.00658700,82187.60000000,0.006626
1749260788,0.00658600,1500.10000000,0.006626
1749260788,0.00658500,150436.30000000,0.006626
1749260788,0.00658400,297096.10000000,0.006626
1749260788,0.00658300,1500.80000000,0.006626
1749260788,0.00658200,2639.90000000,0.006626
1749260788,0.00658100,1501.00000000,0.006626
1749260788,0.00658000,1501.40000000,0.006626
1749260788,0.00657900,150438.90000000,0.006626
1749260788,0.00657800,297097.30000000,0.006626
1749260788,0.00657700,3782.70000000,0.006626
1749260788,0.00657600,6646.90000000,0.006626
1749260788,0.00657500,1502.60000000,0.006626
1749260788,0.00657400,1502.60000000,0.006626
1749260788,0.00657300,225975.30000000,0.006626
1749260788,0.00657200,297098.80000000,0.006626
1749260788,0.00657100,1503.50000000,0.006626
1749260788,0.00657000,2634.90000000,0.006626
1749260788,0.00656900,55658.50000000,0.006626
1749260788,0.00656800,1504.20000000,0.006626
1749260788,0.00656700,150433.70000000,0.006626
1749260788,0.00656600,2936809.30000000,0.006626
1749260788,0.00656500,1504.80000000,0.006626
1749260788,0.00656400,189500.70000000,0.006626
1749260788,0.00656300,1505.10000000,0.006626
1749260788,0.00656200,6029.40000000,0.006626
1749260788,0.00656100,446031.50000000,0.006626
1749260788,0.00656000,124068.30000000,0.006626
1749260788,0.00655900,107579.90000000,0.006626
1749260788,0.00655800,2639.70000000,0.006626
1749260788,0.00655700,1506.60000000,0.006626
1749260788,0.00655600,154120.10000000,0.006626
1749260788,0.00655500,274525.10000000,0.006626
1749260788,0.00655400,1507.30000000,0.006626
1749260788,0.00655300,1507.60000000,0.006626
1749260788,0.00655200,153991.50000000,0.006626
1749260788,0.00655100,1508.00000000,0.006626
1749260788,0.00655000,643512.30000000,0.006626
1749260788,0.00654800,9192.00000000,0.006626
1749260788,0.00654700,77004.20000000,0.006626
1749260788,0.00654400,147797.80000000,0.006626
1749260788,0.00653900,295595.60000000,0.006626
1749260788,0.00653700,38961.10000000,0.006626
1749260788,0.00653300,147797.80000000,0.006626
1749260788,0.00652200,147797.80000000,0.006626
1749260788,0.00651400,5184.20000000,0.006626
1749260788,0.00651200,6200.40000000,0.006626
1749260788,0.00651100,147797.80000000,0.006626
1749260788,0.00650900,9248.10000000,0.006626
1749260788,0.00650600,153786.10000000,0.006626
1749260788,0.00650400,335589.10000000,0.006626
1749260788,0.00650000,7075007.10000000,0.006626
1749260788,0.00648900,147797.80000000,0.006626
1749260788,0.00648800,2311.90000000,0.006626
1749260788,0.00648100,147797.80000000,0.006626
1749260788,0.00648000,17129.60000000,0.006626
1749260788,0.00647500,147797.80000000,0.006626
1749260788,0.00647000,7304.20000000,0.006626
1749260788,0.00646900,9305.00000000,0.006626
1749260788,0.00646400,2396.60000000,0.006626
1749260788,0.00645500,887.50000000,0.006626
1749261108,0.00662400,53843.80000000,0.006625
1749261108,0.00662300,37059.10000000,0.006625
1749261108,0.00662200,58101.20000000,0.006625
1749261108,0.00662100,232701.90000000,0.006625
1749261108,0.00662000,283387.00000000,0.006625
1749261108,0.00661900,316292.50000000,0.006625
1749261108,0.00661800,413955.80000000,0.006625
1749261108,0.00661700,459246.90000000,0.006625
1749261108,0.00661600,916433.30000000,0.006625
1749261108,0.00661500,1104490.50000000,0.006625
1749261108,0.00661400,515919.30000000,0.006625
1749261108,0.00661300,315050.20000000,0.006625
1749261108,0.00661200,131588.30000000,0.006625
1749261108,0.00661100,105539.40000000,0.006625
1749261108,0.00661000,356555.10000000,0.006625
1749261108,0.00660900,304918.40000000,0.006625
1749261108,0.00660800,408714.50000000,0.006625
1749261108,0.00660700,102329.80000000,0.006625
1749261108,0.00660600,38180.20000000,0.006625
1749261108,0.00660500,117563.50000000,0.006625
1749261108,0.00660400,155385.60000000,0.006625
1749261108,0.00660300,218230.70000000,0.006625
1749261108,0.00660200,443469.70000000,0.006625
1749261108,0.00660100,148259.60000000,0.006625
1749261108,0.00660000,38182.70000000,0.006625
1749261108,0.00659900,117601.20000000,0.006625
1749261108,0.00659800,37047.20000000,0.006625
1749261108,0.00659700,354278.20000000,0.006625
1749261108,0.00659600,297093.40000000,0.006625
1749261108,0.00659500,117699.50000000,0.006625
1749261108,0.00659400,2635.10000000,0.006625
1749261108,0.00659300,193484.50000000,0.006625
1749261108,0.00659200,117748.90000000,0.006625
1749261108,0.00659100,277158.60000000,0.006625
1749261108,0.00659000,377819.00000000,0.006625
1749261108,0.00658900,155316.40000000,0.006625
1749261108,0.00658800,38187.50000000,0.006625
1749261108,0.00658700,82224.10000000,0.006625
1749261108,0.00658600,1500.10000000,0.006625
1749261108,0.00658500,150436.30000000,0.006625
1749261108,0.00658400,297096.10000000,0.006625
1749261108,0.00658300,76941.20000000,0.006625
1749261108,0.00658200,2639.90000000,0.006625
1749261108,0.00658100,1501.00000000,0.006625
1749261108,0.00658000,1501.40000000,0.006625
1749261108,0.00657900,150438.90000000,0.006625
1749261108,0.00657800,449200.10000000,0.006625
1749261108,0.00657700,3782.70000000,0.006625
1749261108,0.00657600,112446.40000000,0.006625
1749261108,0.00657500,1502.60000000,0.006625
1749261108,0.00657400,1502.60000000,0.006625
1749261108,0.00657300,150431.20000000,0.006625
1749261108,0.00657200,297098.80000000,0.006625
1749261108,0.00657100,1503.50000000,0.006625
1749261108,0.00657000,2634.90000000,0.006625
1749261108,0.00656900,1503.70000000,0.006625
1749261108,0.00656800,1504.20000000,0.006625
1749261108,0.00656700,204487.60000000,0.006625
1749261108,0.00656600,153684.20000000,0.006625
1749261108,0.00656500,2938525.70000000,0.006625
1749261108,0.00656400,186436.90000000,0.006625
1749261108,0.00656300,1505.30000000,0.006625
1749261108,0.00656200,6029.20000000,0.006625
1749261108,0.00656100,446031.70000000,0.006625
1749261108,0.00656000,124068.30000000,0.006625
1749261108,0.00655900,1506.20000000,0.006625
1749261108,0.00655800,2639.50000000,0.006625
1749261108,0.00655700,1506.60000000,0.006625
1749261108,0.00655600,1506.90000000,0.006625
1749261108,0.00655500,274586.00000000,0.006625
1749261108,0.00655400,1507.30000000,0.006625
1749261108,0.00655300,1507.30000000,0.006625
1749261108,0.00655200,1507.80000000,0.006625
1749261108,0.00655100,9044.90000000,0.006625
1749261108,0.00655000,645020.50000000,0.006625
1749261108,0.00654900,1508.50000000,0.006625
1749261108,0.00654700,77004.20000000,0.006625
1749261108,0.00654500,9202.50000000,0.006625
1749261108,0.00654400,147797.80000000,0.006625
1749261108,0.00653900,295595.60000000,0.006625
1749261108,0.00653700,13343.30000000,0.006625
1749261108,0.00653300,147797.80000000,0.006625
1749261108,0.00652200,147797.80000000,0.006625
1749261108,0.00651900,153479.40000000,0.006625
1749261108,0.00651400,5184.20000000,0.006625
1749261108,0.00651200,6200.40000000,0.006625
1749261108,0.00651100,147797.80000000,0.006625
1749261108,0.00650600,153786.10000000,0.006625
1749261108,0.00650500,9258.80000000,0.006625
1749261108,0.00650400,335589.10000000,0.006625
1749261108,0.00650000,283062.50000000,0.006625
1749261108,0.00649800,6681523.10000000,0.006625
1749261108,0.00648900,147797.80000000,0.006625
1749261108,0.00648800,2311.90000000,0.006625
1749261108,0.00648100,147797.80000000,0.006625
1749261108,0.00648000,17129.60000000,0.006625
1749261108,0.00647500,147797.80000000,0.006625
1749261108,0.00647000,7304.20000000,0.006625
1749261108,0.00646500,9315.70000000,0.006625
1749261108,0.00646400,2396.60000000,0.006625
1749261426,0.00663100,7523.20000000,0.006632
1749261426,0.00663000,84565.40000000,0.006632
1749261426,0.00662900,77728.30000000,0.006632
1749261426,0.00662800,59780.10000000,0.006632
1749261426,0.00662700,209735.90000000,0.006632
1749261426,0.00662600,92622.00000000,0.006632
1749261426,0.00662500,60983.80000000,0.006632
1749261426,0.00662400,227579.70000000,0.006632
1749261426,0.00662300,464038.30000000,0.006632
1749261426,0.00662200,562797.40000000,0.006632
1749261426,0.00662100,654072.30000000,0.006632
1749261426,0.00662000,439023.00000000,0.006632
1749261426,0.00661900,255623.30000000,0.006632
1749261426,0.00661800,797850.60000000,0.006632
1749261426,0.00661700,153373.80000000,0.006632
1749261426,0.00661600,186262.20000000,0.006632
1749261426,0.00661500,373651.40000000,0.006632
1749261426,0.00661400,671512.90000000,0.006632
1749261426,0.00661300,379736.00000000,0.006632
1749261426,0.00661200,57864.00000000,0.006632
1749261426,0.00661100,117719.50000000,0.006632
1749261426,0.00661000,117719.50000000,0.006632
1749261426,0.00660900,176704.60000000,0.006632
1749261426,0.00660800,297089.60000000,0.006632
1749261426,0.00660700,37045.40000000,0.006632
1749261426,0.00660600,118855.70000000,0.006632
1749261426,0.00660500,70738.80000000,0.006632
1749261426,0.00660400,117721.50000000,0.006632
1749261426,0.00660300,293082.80000000,0.006632
1749261426,0.00660200,443469.70000000,0.006632
1749261426,0.00660100,37046.70000000,0.006632
1749261426,0.00660000,118858.20000000,0.006632
1749261426,0.00659900,67701.40000000,0.006632
1749261426,0.00659800,37047.20000000,0.006632
1749261426,0.00659700,217621.50000000,0.006632
1749261426,0.00659600,492269.90000000,0.006632
1749261426,0.00659500,117723.80000000,0.006632
1749261426,0.00659400,2635.10000000,0.006632
1749261426,0.00659300,117724.20000000,0.006632
1749261426,0.00659200,193513.40000000,0.006632
1749261426,0.00659100,241608.60000000,0.006632
1749261426,0.00659000,297094.80000000,0.006632
1749261426,0.00658900,21467.40000000,0.006632
1749261426,0.00658800,2637.50000000,0.006632
1749261426,0.00658700,1499.90000000,0.006632
1749261426,0.00658600,1500.10000000,0.006632
1749261426,0.00658500,150436.30000000,0.006632
1749261426,0.00658400,297096.10000000,0.006632
1749261426,0.00658300,1500.80000000,0.006632
1749261426,0.00658200,2639.90000000,0.006632
1749261426,0.00658100,1501.00000000,0.006632
1749261426,0.00658000,1501.40000000,0.006632
1749261426,0.00657900,150438.90000000,0.006632
1749261426,0.00657800,297097.30000000,0.006632
1749261426,0.00657700,3782.70000000,0.006632
1749261426,0.00657600,112507.70000000,0.006632
1749261426,0.00657500,1502.60000000,0.006632
1749261426,0.00657400,55795.20000000,0.006632
1749261426,0.00657300,150431.20000000,0.006632
1749261426,0.00657200,297098.80000000,0.006632
1749261426,0.00657100,1503.50000000,0.006632
1749261426,0.00657000,2954448.50000000,0.006632
1749261426,0.00656900,77132.50000000,0.006632
1749261426,0.00656800,1504.20000000,0.006632
1749261426,0.00656700,150433.70000000,0.006632
1749261426,0.00656600,1504.60000000,0.006632
1749261426,0.00656500,1504.80000000,0.006632
1749261426,0.00656400,186436.90000000,0.006632
1749261426,0.00656300,1505.30000000,0.006632
1749261426,0.00656200,6029.20000000,0.006632
1749261426,0.00656100,446031.70000000,0.006632
1749261426,0.00656000,276588.50000000,0.006632
1749261426,0.00655900,1506.20000000,0.006632
1749261426,0.00655800,2639.50000000,0.006632
1749261426,0.00655700,1506.60000000,0.006632
1749261426,0.00655600,1506.90000000,0.006632
1749261426,0.00655500,273079.10000000,0.006632
1749261426,0.00655100,160052.20000000,0.006632
1749261426,0.00655000,643512.30000000,0.006632
1749261426,0.00654700,77004.20000000,0.006632
1749261426,0.00654400,147797.80000000,0.006632
1749261426,0.00654100,9206.00000000,0.006632
1749261426,0.00653900,295595.60000000,0.006632
1749261426,0.00653700,13343.30000000,0.006632
1749261426,0.00653300,147797.80000000,0.006632
1749261426,0.00652200,147797.80000000,0.006632
1749261426,0.00651500,153573.70000000,0.006632
1749261426,0.00651400,5184.20000000,0.006632
1749261426,0.00651200,6200.40000000,0.006632
1749261426,0.00651100,147797.80000000,0.006632
1749261426,0.00650600,6671927.30000000,0.006632
1749261426,0.00650400,335589.10000000,0.006632
1749261426,0.00650100,9262.20000000,0.006632
1749261426,0.00650000,283062.50000000,0.006632
1749261426,0.00648900,147797.80000000,0.006632
1749261426,0.00648800,2311.90000000,0.006632
1749261426,0.00648100,147797.80000000,0.006632
1749261426,0.00648000,17129.60000000,0.006632
1749261426,0.00647500,147797.80000000,0.006632
1749261426,0.00647000,7304.20000000,0.006632
1749261737,0.00662400,106695.70000000,0.006624
1749261737,0.00662300,85698.70000000,0.006624
1749261737,0.00662200,103399.60000000,0.006624
1749261737,0.00662100,193201.00000000,0.006624
1749261737,0.00662000,493990.80000000,0.006624
1749261737,0.00661900,542357.10000000,0.006624
1749261737,0.00661800,898975.70000000,0.006624
1749261737,0.00661700,212638.90000000,0.006624
1749261737,0.00661600,177825.50000000,0.006624
1749261737,0.00661500,335437.60000000,0.006624
1749261737,0.00661400,489822.60000000,0.006624
1749261737,0.00661300,430716.10000000,0.006624
1749261737,0.00661200,307973.80000000,0.006624
1749261737,0.00661100,154168.00000000,0.006624
1749261737,0.00661000,197555.80000000,0.006624
1749261737,0.00660900,367235.70000000,0.006624
1749261737,0.00660800,334270.70000000,0.006624
1749261737,0.00660700,300887.60000000,0.006624
1749261737,0.00660600,208989.90000000,0.006624
1749261737,0.00660500,97036.70000000,0.006624
1749261737,0.00660400,242721.50000000,0.006624
1749261737,0.00660300,261658.80000000,0.006624
1749261737,0.00660200,297092.10000000,0.006624
1749261737,0.00660100,117844.10000000,0.006624
1749261737,0.00660000,552439.00000000,0.006624
1749261737,0.00659900,67701.40000000,0.006624
1749261737,0.00659800,37047.20000000,0.006624
1749261737,0.00659700,292659.00000000,0.006624
1749261737,0.00659600,297093.40000000,0.006624
1749261737,0.00659500,117723.80000000,0.006624
1749261737,0.00659400,2635.10000000,0.006624
1749261737,0.00659300,381004.10000000,0.006624
1749261737,0.00659200,117724.50000000,0.006624
1749261737,0.00659100,241608.60000000,0.006624
1749261737,0.00659000,297094.80000000,0.006624
1749261737,0.00658900,137766.00000000,0.006624
1749261737,0.00658800,38187.50000000,0.006624
1749261737,0.00658700,117761.90000000,0.006624
1749261737,0.00658600,117823.10000000,0.006624
1749261737,0.00658500,185986.30000000,0.006624
1749261737,0.00658400,431020.60000000,0.006624
1749261737,0.00658300,193749.50000000,0.006624
1749261737,0.00658200,2639.90000000,0.006624
1749261737,0.00658100,82274.00000000,0.006624
1749261737,0.00658000,1501.40000000,0.006624
1749261737,0.00657900,231260.70000000,0.006624
1749261737,0.00657800,377919.10000000,0.006624
1749261737,0.00657700,3782.70000000,0.006624
1749261737,0.00657600,112507.70000000,0.006624
1749261737,0.00657500,1502.60000000,0.006624
1749261737,0.00657400,1502.60000000,0.006624
1749261737,0.00657300,150431.20000000,0.006624
1749261737,0.00657200,297098.80000000,0.006624
1749261737,0.00657100,1503.50000000,0.006624
1749261737,0.00657000,2634.90000000,0.006624
1749261737,0.00656900,77132.50000000,0.006624
1749261737,0.00656800,1504.20000000,0.006624
1749261737,0.00656700,204487.60000000,0.006624
1749261737,0.00656600,1504.60000000,0.006624
1749261737,0.00656500,1504.80000000,0.006624
1749261737,0.00656400,3196635.00000000,0.006624
1749261737,0.00656300,1505.30000000,0.006624
1749261737,0.00656200,6029.20000000,0.006624
1749261737,0.00656100,446031.70000000,0.006624
1749261737,0.00656000,276588.50000000,0.006624
1749261737,0.00655900,1506.20000000,0.006624
1749261737,0.00655800,2639.50000000,0.006624
1749261737,0.00655700,1506.60000000,0.006624
1749261737,0.00655600,1506.60000000,0.006624
1749261737,0.00655500,274586.20000000,0.006624
1749261737,0.00655400,1507.30000000,0.006624
1749261737,0.00655300,1508.50000000,0.006624
1749261737,0.00655200,1508.00000000,0.006624
1749261737,0.00655100,9044.90000000,0.006624
1749261737,0.00655000,797552.90000000,0.006624
1749261737,0.00654900,1508.00000000,0.006624
1749261737,0.00654700,77004.20000000,0.006624
1749261737,0.00654600,9198.20000000,0.006624
1749261737,0.00654400,147797.80000000,0.006624
1749261737,0.00653900,295595.60000000,0.006624
1749261737,0.00653700,13343.30000000,0.006624
1749261737,0.00653300,147797.80000000,0.006624
1749261737,0.00652200,147797.80000000,0.006624
1749261737,0.00651400,5184.20000000,0.006624
1749261737,0.00651200,6200.40000000,0.006624
1749261737,0.00651100,147797.80000000,0.006624
1749261737,0.00650700,9254.40000000,0.006624
1749261737,0.00650600,153786.10000000,0.006624
1749261737,0.00650400,335589.10000000,0.006624
1749261737,0.00650100,153904.40000000,0.006624
1749261737,0.00650000,283062.50000000,0.006624
1749261737,0.00649800,6560189.60000000,0.006624
1749261737,0.00648900,147797.80000000,0.006624
1749261737,0.00648800,2311.90000000,0.006624
1749261737,0.00648100,147797.80000000,0.006624
1749261737,0.00648000,17129.60000000,0.006624
1749261737,0.00647500,147797.80000000,0.006624
1749261737,0.00647000,7304.20000000,0.006624
1749261737,0.00646700,9311.30000000,0.006624
1749261737,0.00646400,2396.60000000,0.006624
1749262044,0.00662900,100357.80000000,0.006629
1749262044,0.00662800,55064.10000000,0.006629
1749262044,0.00662700,125138.90000000,0.006629
1749262044,0.00662600,216364.50000000,0.006629
1749262044,0.00662500,76406.70000000,0.006629
1749262044,0.00662400,213365.90000000,0.006629
1749262044,0.00662300,388926.70000000,0.006629
1749262044,0.00662200,169929.40000000,0.006629
1749262044,0.00662100,354560.00000000,0.006629
1749262044,0.00662000,1072329.80000000,0.006629
1749262044,0.00661900,256827.00000000,0.006629
1749262044,0.00661800,172956.30000000,0.006629
1749262044,0.00661700,421201.60000000,0.006629
1749262044,0.00661600,513176.70000000,0.006629
1749262044,0.00661500,248243.80000000,0.006629
1749262044,0.00661400,632106.00000000,0.006629
1749262044,0.00661300,282724.20000000,0.006629
1749262044,0.00661200,341284.00000000,0.006629
1749262044,0.00661100,207443.20000000,0.006629
1749262044,0.00661000,281642.40000000,0.006629
1749262044,0.00660900,151558.90000000,0.006629
1749262044,0.00660800,297089.60000000,0.006629
1749262044,0.00660700,262841.10000000,0.006629
1749262044,0.00660600,551786.50000000,0.006629
1749262044,0.00660500,37045.80000000,0.006629
1749262044,0.00660400,117721.50000000,0.006629
1749262044,0.00660300,261658.80000000,0.006629
1749262044,0.00660200,297092.10000000,0.006629
1749262044,0.00660100,117844.10000000,0.006629
1749262044,0.00660000,118858.20000000,0.006629
1749262044,0.00659900,67701.40000000,0.006629
1749262044,0.00659800,194772.50000000,0.006629
1749262044,0.00659700,293824.80000000,0.006629
1749262044,0.00659600,297093.40000000,0.006629
1749262044,0.00659500,117723.80000000,0.006629
1749262044,0.00659400,100860.50000000,0.006629
1749262044,0.00659300,150018.90000000,0.006629
1749262044,0.00659200,117724.50000000,0.006629
1749262044,0.00659100,388134.70000000,0.006629
1749262044,0.00659000,297094.80000000,0.006629
1749262044,0.00658900,213585.90000000,0.006629
1749262044,0.00658800,38187.50000000,0.006629
1749262044,0.00658700,149449.80000000,0.006629
1749262044,0.00658600,117823.10000000,0.006629
1749262044,0.00658500,150436.30000000,0.006629
1749262044,0.00658400,297096.10000000,0.006629
1749262044,0.00658300,82310.40000000,0.006629
1749262044,0.00658200,2639.90000000,0.006629
1749262044,0.00658100,82274.00000000,0.006629
1749262044,0.00658000,1501.40000000,0.006629
1749262044,0.00657900,150438.90000000,0.006629
1749262044,0.00657800,297097.30000000,0.006629
1749262044,0.00657700,3782.70000000,0.006629
1749262044,0.00657600,112507.70000000,0.006629
1749262044,0.00657500,1502.60000000,0.006629
1749262044,0.00657400,1502.60000000,0.006629
1749262044,0.00657300,150431.20000000,0.006629
1749262044,0.00657200,351396.90000000,0.006629
1749262044,0.00657100,1503.50000000,0.006629
1749262044,0.00657000,2634.90000000,0.006629
1749262044,0.00656900,77132.50000000,0.006629
1749262044,0.00656800,2962564.90000000,0.006629
1749262044,0.00656700,150433.70000000,0.006629
1749262044,0.00656600,1504.60000000,0.006629
1749262044,0.00656500,1504.80000000,0.006629
1749262044,0.00656400,186436.90000000,0.006629
1749262044,0.00656300,1505.30000000,0.006629
1749262044,0.00656200,6029.20000000,0.006629
1749262044,0.00656100,446031.70000000,0.006629
1749262044,0.00656000,276588.50000000,0.006629
1749262044,0.00655900,1506.20000000,0.006629
1749262044,0.00655800,2639.50000000,0.006629
1749262044,0.00655700,1506.60000000,0.006629
1749262044,0.00655600,1506.60000000,0.006629
1749262044,0.00655500,254954.80000000,0.006629
1749262044,0.00655400,1507.30000000,0.006629
1749262044,0.00655100,7536.90000000,0.006629
1749262044,0.00655000,796044.90000000,0.006629
1749262044,0.00654900,19651.00000000,0.006629
1749262044,0.00654700,86203.60000000,0.006629
1749262044,0.00654400,147797.80000000,0.006629
1749262044,0.00653900,295595.60000000,0.006629
1749262044,0.00653700,13343.30000000,0.006629
1749262044,0.00653300,147797.80000000,0.006629
1749262044,0.00652200,147797.80000000,0.006629
1749262044,0.00651400,5184.20000000,0.006629
1749262044,0.00651200,6200.40000000,0.006629
1749262044,0.00651100,147797.80000000,0.006629
1749262044,0.00650700,9255.70000000,0.006629
1749262044,0.00650400,335589.10000000,0.006629
1749262044,0.00650300,6447487.50000000,0.006629
1749262044,0.00650000,283062.50000000,0.006629
1749262044,0.00648900,147797.80000000,0.006629
1749262044,0.00648800,2311.90000000,0.006629
1749262044,0.00648700,154236.50000000,0.006629
1749262044,0.00648100,147797.80000000,0.006629
1749262044,0.00648000,17129.60000000,0.006629
1749262044,0.00647500,147797.80000000,0.006629
1749262044,0.00647000,7304.20000000,0.006629
1749262044,0.00646700,9312.60000000,0.006629
1749262346,0.00664400,84561.80000000,0.006645
1749262346,0.00664300,7526.70000000,0.006645
1749262346,0.00664200,38001.70000000,0.006645
1749262346,0.00664100,105000.20000000,0.006645
1749262346,0.00664000,107638.10000000,0.006645
1749262346,0.00663900,168490.70000000,0.006645
1749262346,0.00663800,730885.70000000,0.006645
1749262346,0.00663700,163396.40000000,0.006645
1749262346,0.00663600,224180.50000000,0.006645
1749262346,0.00663500,197941.60000000,0.006645
1749262346,0.00663400,231522.10000000,0.006645
1749262346,0.00663300,592869.00000000,0.006645
1749262346,0.00663200,536633.40000000,0.006645
1749262346,0.00663100,205871.10000000,0.006645
1749262346,0.00663000,133347.90000000,0.006645
1749262346,0.00662900,459934.40000000,0.006645
1749262346,0.00662800,242397.80000000,0.006645
1749262346,0.00662700,138399.60000000,0.006645
1749262346,0.00662600,453048.70000000,0.006645
1749262346,0.00662500,37058.50000000,0.006645
1749262346,0.00662400,83364.80000000,0.006645
1749262346,0.00662300,184856.70000000,0.006645
1749262346,0.00662200,117795.30000000,0.006645
1749262346,0.00662100,38192.00000000,0.006645
1749262346,0.00662000,764169.50000000,0.006645
1749262346,0.00661900,229197.80000000,0.006645
1749262346,0.00661800,83427.90000000,0.006645
1749262346,0.00661700,149308.10000000,0.006645
1749262346,0.00661600,215853.60000000,0.006645
1749262346,0.00661500,38176.50000000,0.006645
1749262346,0.00661400,487547.80000000,0.006645
1749262346,0.00661300,134987.10000000,0.006645
1749262346,0.00661200,266622.10000000,0.006645
1749262346,0.00661100,117719.50000000,0.006645
1749262346,0.00661000,193297.20000000,0.006645
1749262346,0.00660900,182642.40000000,0.006645
1749262346,0.00660800,297089.60000000,0.006645
1749262346,0.00660700,117696.60000000,0.006645
1749262346,0.00660600,118855.70000000,0.006645
1749262346,0.00660500,37045.80000000,0.006645
1749262346,0.00660400,117721.50000000,0.006645
1749262346,0.00660300,150429.40000000,0.006645
1749262346,0.00660200,388010.80000000,0.006645
1749262346,0.00660100,82294.10000000,0.006645
1749262346,0.00660000,83308.20000000,0.006645
1749262346,0.00659900,1497.20000000,0.006645
1749262346,0.00659800,1497.20000000,0.006645
1749262346,0.00659700,150431.70000000,0.006645
1749262346,0.00659600,297093.40000000,0.006645
1749262346,0.00659500,1498.30000000,0.006645
1749262346,0.00659400,2635.10000000,0.006645
1749262346,0.00659300,1498.70000000,0.006645
1749262346,0.00659200,1499.00000000,0.006645
1749262346,0.00659100,296960.50000000,0.006645
1749262346,0.00659000,297094.80000000,0.006645
1749262346,0.00658900,21467.40000000,0.006645
1749262346,0.00658800,57447.90000000,0.006645
1749262346,0.00658700,1499.90000000,0.006645
1749262346,0.00658600,1500.10000000,0.006645
1749262346,0.00658500,3159431.70000000,0.006645
1749262346,0.00658400,297096.10000000,0.006645
1749262346,0.00658300,1500.80000000,0.006645
1749262346,0.00658200,2639.90000000,0.006645
1749262346,0.00658100,1501.00000000,0.006645
1749262346,0.00658000,1501.40000000,0.006645
1749262346,0.00657900,302518.60000000,0.006645
1749262346,0.00657800,297097.30000000,0.006645
1749262346,0.00657700,3782.70000000,0.006645
1749262346,0.00657600,300093.30000000,0.006645
1749262346,0.00657500,1502.60000000,0.006645
1749262346,0.00657400,1502.60000000,0.006645
1749262346,0.00657300,150431.20000000,0.006645
1749262346,0.00657200,297098.80000000,0.006645
1749262346,0.00657100,1503.50000000,0.006645
1749262346,0.00657000,2634.90000000,0.006645
1749262346,0.00656900,77132.70000000,0.006645
1749262346,0.00656700,148929.30000000,0.006645
1749262346,0.00656400,153351.80000000,0.006645
1749262346,0.00656300,19609.80000000,0.006645
1749262346,0.00656200,4523.90000000,0.006645
1749262346,0.00656100,444526.00000000,0.006645
1749262346,0.00656000,122562.30000000,0.006645
1749262346,0.00655800,1133.10000000,0.006645
1749262346,0.00655500,253447.70000000,0.006645
1749262346,0.00655400,9192.60000000,0.006645
1749262346,0.00655100,12369.80000000,0.006645
1749262346,0.00655000,643512.30000000,0.006645
1749262346,0.00654700,77004.20000000,0.006645
1749262346,0.00654400,147797.80000000,0.006645
1749262346,0.00653900,295595.60000000,0.006645
1749262346,0.00653700,1058.70000000,0.006645
1749262346,0.00653300,147797.80000000,0.006645
1749262346,0.00652500,153338.30000000,0.006645
1749262346,0.00652200,147797.80000000,0.006645
1749262346,0.00651900,6735285.30000000,0.006645
1749262346,0.00651400,14433.00000000,0.006645
1749262346,0.00651200,6200.40000000,0.006645
1749262346,0.00651100,147797.80000000,0.006645
1749262346,0.00650400,335589.10000000,0.006645
1749262346,0.00650000,283062.50000000,0.006645
1749262647,0.00664900,1503.00000000,0.00665
1749262647,0.00664800,1503.20000000,0.00665
1749262647,0.00664700,71512.40000000,0.00665
1749262647,0.00664600,43059.20000000,0.00665
1749262647,0.00664500,61865.10000000,0.00665
1749262647,0.00664400,53773.30000000,0.00665
1749262647,0.00664300,259478.30000000,0.00665
1749262647,0.00664200,223710.60000000,0.00665
1749262647,0.00664100,389526.10000000,0.00665
1749262647,0.00664000,338814.80000000,0.00665
1749262647,0.00663900,519758.10000000,0.00665
1749262647,0.00663800,153302.40000000,0.00665
1749262647,0.00663700,207983.60000000,0.00665
1749262647,0.00663600,299539.40000000,0.00665
1749262647,0.00663500,823635.10000000,0.00665
1749262647,0.00663400,440180.60000000,0.00665
1749262647,0.00663300,75843.30000000,0.00665
1749262647,0.00663200,363485.50000000,0.00665
1749262647,0.00663100,117684.50000000,0.00665
1749262647,0.00663000,38188.30000000,0.00665
1749262647,0.00662900,265506.60000000,0.00665
1749262647,0.00662800,37057.60000000,0.00665
1749262647,0.00662700,190172.40000000,0.00665
1749262647,0.00662600,377828.00000000,0.00665
1749262647,0.00662500,37058.50000000,0.00665
1749262647,0.00662400,194354.30000000,0.00665
1749262647,0.00662300,184856.70000000,0.00665
1749262647,0.00662200,117795.30000000,0.00665
1749262647,0.00662100,145373.00000000,0.00665
1749262647,0.00662000,332655.40000000,0.00665
1749262647,0.00661900,150012.60000000,0.00665
1749262647,0.00661800,118977.90000000,0.00665
1749262647,0.00661700,149308.10000000,0.00665
1749262647,0.00661600,291366.90000000,0.00665
1749262647,0.00661500,68756.50000000,0.00665
1749262647,0.00661400,377898.80000000,0.00665
1749262647,0.00661300,92361.30000000,0.00665
1749262647,0.00661200,100585.80000000,0.00665
1749262647,0.00661100,82169.50000000,0.00665
1749262647,0.00661000,113742.10000000,0.00665
1749262647,0.00660900,150425.90000000,0.00665
1749262647,0.00660800,443238.80000000,0.00665
1749262647,0.00660700,82146.60000000,0.00665
1749262647,0.00660600,2630.20000000,0.00665
1749262647,0.00660500,1495.80000000,0.00665
1749262647,0.00660400,1496.00000000,0.00665
1749262647,0.00660300,150429.40000000,0.00665
1749262647,0.00660200,297092.10000000,0.00665
1749262647,0.00660100,1496.70000000,0.00665
1749262647,0.00660000,2632.70000000,0.00665
1749262647,0.00659900,1497.20000000,0.00665
1749262647,0.00659800,1497.20000000,0.00665
1749262647,0.00659700,150431.70000000,0.00665
1749262647,0.00659600,297093.40000000,0.00665
1749262647,0.00659500,153209.10000000,0.00665
1749262647,0.00659400,2635.10000000,0.00665
1749262647,0.00659300,56479.80000000,0.00665
1749262647,0.00659200,1499.00000000,0.00665
1749262647,0.00659100,150434.40000000,0.00665
1749262647,0.00659000,3206588.80000000,0.00665
1749262647,0.00658900,21467.40000000,0.00665
1749262647,0.00658800,186908.60000000,0.00665
1749262647,0.00658700,1499.90000000,0.00665
1749262647,0.00658600,6015.30000000,0.00665
1749262647,0.00658500,225881.40000000,0.00665
1749262647,0.00658400,297096.10000000,0.00665
1749262647,0.00658300,1500.80000000,0.00665
1749262647,0.00658200,2639.90000000,0.00665
1749262647,0.00658100,1501.00000000,0.00665
1749262647,0.00658000,1501.40000000,0.00665
1749262647,0.00657900,150438.90000000,0.00665
1749262647,0.00657800,448994.70000000,0.00665
1749262647,0.00657700,23350.70000000,0.00665
1749262647,0.00657600,112508.10000000,0.00665
1749262647,0.00657500,1502.70000000,0.00665
1749262647,0.00657400,1502.80000000,0.00665
1749262647,0.00657300,148928.60000000,0.00665
1749262647,0.00657200,295595.60000000,0.00665
1749262647,0.00657000,1131.20000000,0.00665
1749262647,0.00656800,9173.20000000,0.00665
1749262647,0.00656700,148929.30000000,0.00665
1749262647,0.00656400,77936.70000000,0.00665
1749262647,0.00656100,444526.00000000,0.00665
1749262647,0.00656000,122562.30000000,0.00665
1749262647,0.00655800,1133.10000000,0.00665
1749262647,0.00655500,253447.70000000,0.00665
1749262647,0.00655100,12369.80000000,0.00665
1749262647,0.00655000,643512.30000000,0.00665
1749262647,0.00654400,147797.80000000,0.00665
1749262647,0.00654200,152939.80000000,0.00665
1749262647,0.00653900,295595.60000000,0.00665
1749262647,0.00653700,1058.70000000,0.00665
1749262647,0.00653300,147797.80000000,0.00665
1749262647,0.00652800,347059.60000000,0.00665
1749262647,0.00652300,6440796.60000000,0.00665
1749262647,0.00652200,147797.80000000,0.00665
1749262647,0.00651400,158781.40000000,0.00665
1749262647,0.00651200,6200.40000000,0.00665
1749262647,0.00651100,147797.80000000,0.00665
1749262647,0.00650000,283062.50000000,0.00665
1749262949,0.00664400,24293.20000000,0.006645
1749262949,0.00664300,49616.30000000,0.006645
1749262949,0.00664200,60187.90000000,0.006645
1749262949,0.00664100,25203.00000000,0.006645
1749262949,0.00664000,38184.20000000,0.006645
1749262949,0.00663900,260398.70000000,0.006645
1749262949,0.00663800,752583.50000000,0.006645
1749262949,0.00663700,688683.20000000,0.006645
1749262949,0.00663600,662857.20000000,0.006645
1749262949,0.00663500,488965.40000000,0.006645
1749262949,0.00663400,438112.40000000,0.006645
1749262949,0.00663300,361134.40000000,0.006645
1749262949,0.00663200,704087.80000000,0.006645
1749262949,0.00663100,278496.80000000,0.006645
1749262949,0.00663000,212840.90000000,0.006645
1749262949,0.00662900,394539.20000000,0.006645
1749262949,0.00662800,87283.60000000,0.006645
1749262949,0.00662700,568128.70000000,0.006645
1749262949,0.00662600,377828.00000000,0.006645
1749262949,0.00662500,37058.50000000,0.006645
1749262949,0.00662400,194354.30000000,0.006645
1749262949,0.00662300,256220.10000000,0.006645
1749262949,0.00662200,117795.30000000,0.006645
1749262949,0.00662100,38192.00000000,0.006645
1749262949,0.00662000,332655.40000000,0.006645
1749262949,0.00661900,258647.20000000,0.006645
1749262949,0.00661800,118977.90000000,0.006645
1749262949,0.00661700,184858.10000000,0.006645
1749262949,0.00661600,196876.90000000,0.006645
1749262949,0.00661500,242193.40000000,0.006645
1749262949,0.00661400,377898.80000000,0.006645
1749262949,0.00661300,127911.30000000,0.006645
1749262949,0.00661200,38177.80000000,0.006645
1749262949,0.00661100,117719.50000000,0.006645
1749262949,0.00661000,113740.70000000,0.006645
1749262949,0.00660900,150425.90000000,0.006645
1749262949,0.00660800,443238.80000000,0.006645
1749262949,0.00660700,82146.60000000,0.006645
1749262949,0.00660600,2630.20000000,0.006645
1749262949,0.00660500,82001.40000000,0.006645
1749262949,0.00660400,1496.00000000,0.006645
1749262949,0.00660300,150429.40000000,0.006645
1749262949,0.00660200,297092.10000000,0.006645
1749262949,0.00660100,1496.70000000,0.006645
1749262949,0.00660000,2632.70000000,0.006645
1749262949,0.00659900,1497.20000000,0.006645
1749262949,0.00659800,1497.20000000,0.006645
1749262949,0.00659700,150431.70000000,0.006645
1749262949,0.00659600,297093.40000000,0.006645
1749262949,0.00659500,153209.10000000,0.006645
1749262949,0.00659400,2635.10000000,0.006645
1749262949,0.00659300,1498.70000000,0.006645
1749262949,0.00659200,1499.00000000,0.006645
1749262949,0.00659100,150434.40000000,0.006645
1749262949,0.00659000,402730.70000000,0.006645
1749262949,0.00658900,1499.20000000,0.006645
1749262949,0.00658800,186908.60000000,0.006645
1749262949,0.00658700,56087.70000000,0.006645
1749262949,0.00658600,6015.30000000,0.006645
1749262949,0.00658500,225881.40000000,0.006645
1749262949,0.00658400,3259293.70000000,0.006645
1749262949,0.00658300,1500.80000000,0.006645
1749262949,0.00658200,2639.90000000,0.006645
1749262949,0.00658100,1501.00000000,0.006645
1749262949,0.00658000,1501.40000000,0.006645
1749262949,0.00657900,150438.90000000,0.006645
1749262949,0.00657800,448994.90000000,0.006645
1749262949,0.00657700,23350.70000000,0.006645
1749262949,0.00657600,6646.90000000,0.006645
1749262949,0.00657500,1502.30000000,0.006645
1749262949,0.00657400,1502.80000000,0.006645
1749262949,0.00657300,150431.60000000,0.006645
1749262949,0.00657200,297098.60000000,0.006645
1749262949,0.00657100,1503.50000000,0.006645
1749262949,0.00657000,2634.90000000,0.006645
1749262949,0.00656900,106928.40000000,0.006645
1749262949,0.00656700,158105.30000000,0.006645
1749262949,0.00656400,77936.70000000,0.006645
1749262949,0.00656100,444526.00000000,0.006645
1749262949,0.00656000,122562.30000000,0.006645
1749262949,0.00655800,1133.10000000,0.006645
1749262949,0.00655500,147797.80000000,0.006645
1749262949,0.00655100,12369.80000000,0.006645
1749262949,0.00655000,643512.30000000,0.006645
1749262949,0.00654400,147797.80000000,0.006645
1749262949,0.00654200,152939.80000000,0.006645
1749262949,0.00653900,295595.60000000,0.006645
1749262949,0.00653700,1058.70000000,0.006645
1749262949,0.00653300,147797.80000000,0.006645
1749262949,0.00652800,337830.30000000,0.006645
1749262949,0.00652700,9232.10000000,0.006645
1749262949,0.00652200,147797.80000000,0.006645
1749262949,0.00651800,6523109.20000000,0.006645
1749262949,0.00651400,158781.40000000,0.006645
1749262949,0.00651200,6200.40000000,0.006645
1749262949,0.00651100,147797.80000000,0.006645
1749262949,0.00650500,32902.00000000,0.006645
1749262949,0.00650000,283062.50000000,0.006645
1749262949,0.00648900,147797.80000000,0.006645
1749262949,0.00648800,2311.90000000,0.006645
1749263256,0.00665800,19480.80000000,0.006659
1749263256,0.00665700,13299.60000000,0.006659
1749263256,0.00665600,76804.60000000,0.006659
1749263256,0.00665500,14586.10000000,0.006659
1749263256,0.00665400,110545.80000000,0.006659
1749263256,0.00665300,201541.00000000,0.006659
1749263256,0.00665200,273863.10000000,0.006659
1749263256,0.00665100,548944.80000000,0.006659
1749263256,0.00665000,494472.00000000,0.006659
1749263256,0.00664900,356014.90000000,0.006659
1749263256,0.00664800,203090.20000000,0.006659
1749263256,0.00664700,438874.90000000,0.006659
1749263256,0.00664600,842868.00000000,0.006659
1749263256,0.00664500,565147.20000000,0.006659
1749263256,0.00664400,785312.50000000,0.006659
1749263256,0.00664300,130786.80000000,0.006659
1749263256,0.00664200,248238.90000000,0.006659
1749263256,0.00664100,236631.80000000,0.006659
1749263256,0.00664000,156335.30000000,0.006659
1749263256,0.00663900,51271.60000000,0.006659
1749263256,0.00663800,484230.70000000,0.006659
1749263256,0.00663700,174013.60000000,0.006659
1749263256,0.00663600,83177.60000000,0.006659
1749263256,0.00663500,184853.80000000,0.006659
1749263256,0.00663400,82121.30000000,0.006659
1749263256,0.00663300,38187.10000000,0.006659
1749263256,0.00663200,762944.20000000,0.006659
1749263256,0.00663100,263538.50000000,0.006659
1749263256,0.00663000,38188.30000000,0.006659
1749263256,0.00662900,340889.20000000,0.006659
1749263256,0.00662800,147706.80000000,0.006659
1749263256,0.00662700,118852.10000000,0.006659
1749263256,0.00662600,377828.00000000,0.006659
1749263256,0.00662500,37058.50000000,0.006659
1749263256,0.00662400,240224.50000000,0.006659
1749263256,0.00662300,184856.70000000,0.006659
1749263256,0.00662200,193238.40000000,0.006659
1749263256,0.00662100,38192.00000000,0.006659
1749263256,0.00662000,430495.00000000,0.006659
1749263256,0.00661900,145990.90000000,0.006659
1749263256,0.00661800,83427.90000000,0.006659
1749263256,0.00661700,149308.10000000,0.006659
1749263256,0.00661600,82331.90000000,0.006659
1749263256,0.00661500,2626.50000000,0.006659
1749263256,0.00661400,377898.80000000,0.006659
1749263256,0.00661300,1494.00000000,0.006659
1749263256,0.00661200,2627.80000000,0.006659
1749263256,0.00661100,82169.50000000,0.006659
1749263256,0.00661000,1494.00000000,0.006659
1749263256,0.00660900,150425.90000000,0.006659
1749263256,0.00660800,443238.80000000,0.006659
1749263256,0.00660700,1495.40000000,0.006659
1749263256,0.00660600,2630.20000000,0.006659
1749263256,0.00660500,1495.80000000,0.006659
1749263256,0.00660400,1496.00000000,0.006659
1749263256,0.00660300,150429.40000000,0.006659
1749263256,0.00660200,352156.10000000,0.006659
1749263256,0.00660100,1496.70000000,0.006659
1749263256,0.00660000,2632.70000000,0.006659
1749263256,0.00659900,1497.20000000,0.006659
1749263256,0.00659800,2959526.10000000,0.006659
1749263256,0.00659700,150431.70000000,0.006659
1749263256,0.00659600,297093.40000000,0.006659
1749263256,0.00659500,153209.10000000,0.006659
1749263256,0.00659400,2635.10000000,0.006659
1749263256,0.00659300,1498.70000000,0.006659
1749263256,0.00659200,1499.00000000,0.006659
1749263256,0.00659100,150434.40000000,0.006659
1749263256,0.00659000,402730.70000000,0.006659
1749263256,0.00658900,1499.20000000,0.006659
1749263256,0.00658800,186908.60000000,0.006659
1749263256,0.00658700,1499.90000000,0.006659
1749263256,0.00658600,6015.30000000,0.006659
1749263256,0.00658500,225881.40000000,0.006659
1749263256,0.00658400,297096.10000000,0.006659
1749263256,0.00658300,1500.80000000,0.006659
1749263256,0.00658200,1138.90000000,0.006659
1749263256,0.00657900,148937.20000000,0.006659
1749263256,0.00657800,447492.80000000,0.006659
1749263256,0.00657700,21848.60000000,0.006659
1749263256,0.00657600,5144.60000000,0.006659
1749263256,0.00657400,9166.80000000,0.006659
1749263256,0.00657300,148928.60000000,0.006659
1749263256,0.00657200,295595.60000000,0.006659
1749263256,0.00657000,1131.20000000,0.006659
1749263256,0.00656900,105424.70000000,0.006659
1749263256,0.00656700,148929.30000000,0.006659
1749263256,0.00656400,77936.70000000,0.006659
1749263256,0.00656100,444526.00000000,0.006659
1749263256,0.00656000,122562.30000000,0.006659
1749263256,0.00655800,1133.10000000,0.006659
1749263256,0.00655500,147797.80000000,0.006659
1749263256,0.00655100,12369.80000000,0.006659
1749263256,0.00655000,643512.30000000,0.006659
1749263256,0.00654400,147797.80000000,0.006659
1749263256,0.00654200,152939.80000000,0.006659
1749263256,0.00653900,295595.60000000,0.006659
1749263256,0.00653700,1058.70000000,0.006659
1749263256,0.00653400,9222.80000000,0.006659
1749263256,0.00653300,147797.80000000,0.006659
1749263563,0.00666300,115370.60000000,0.006663
1749263563,0.00666200,128046.60000000,0.006663
1749263563,0.00666100,139221.30000000,0.006663
1749263563,0.00666000,342413.50000000,0.006663
1749263563,0.00665900,302226.40000000,0.006663
1749263563,0.00665800,379187.70000000,0.006663
1749263563,0.00665700,225619.00000000,0.006663
1749263563,0.00665600,668548.20000000,0.006663
1749263563,0.00665500,464444.10000000,0.006663
1749263563,0.00665400,237339.90000000,0.006663
1749263563,0.00665300,176380.20000000,0.006663
1749263563,0.00665200,179941.10000000,0.006663
1749263563,0.00665100,278475.80000000,0.006663
1749263563,0.00665000,456572.10000000,0.006663
1749263563,0.00664900,218308.30000000,0.006663
1749263563,0.00664800,166882.90000000,0.006663
1749263563,0.00664700,294884.10000000,0.006663
1749263563,0.00664600,347123.30000000,0.006663
1749263563,0.00664500,168876.80000000,0.006663
1749263563,0.00664400,463217.90000000,0.006663
1749263563,0.00664300,219309.10000000,0.006663
1749263563,0.00664200,117960.20000000,0.006663
1749263563,0.00664100,184852.60000000,0.006663
1749263563,0.00664000,117584.90000000,0.006663
1749263563,0.00663900,38184.50000000,0.006663
1749263563,0.00663800,377630.90000000,0.006663
1749263563,0.00663700,111333.30000000,0.006663
1749263563,0.00663600,118727.60000000,0.006663
1749263563,0.00663500,184853.80000000,0.006663
1749263563,0.00663400,82121.30000000,0.006663
1749263563,0.00663300,468311.10000000,0.006663
1749263563,0.00663200,332653.20000000,0.006663
1749263563,0.00663100,117684.50000000,0.006663
1749263563,0.00663000,38188.30000000,0.006663
1749263563,0.00662900,509894.70000000,0.006663
1749263563,0.00662800,112429.70000000,0.006663
1749263563,0.00662700,205897.00000000,0.006663
1749263563,0.00662600,377828.00000000,0.006663
1749263563,0.00662500,1508.50000000,0.006663
1749263563,0.00662400,174136.00000000,0.006663
1749263563,0.00662300,149306.70000000,0.006663
1749263563,0.00662200,82245.30000000,0.006663
1749263563,0.00662100,2642.00000000,0.006663
1749263563,0.00662000,297105.40000000,0.006663
1749263563,0.00661900,114462.60000000,0.006663
1749263563,0.00661800,2642.70000000,0.006663
1749263563,0.00661700,149308.10000000,0.006663
1749263563,0.00661600,81888.70000000,0.006663
1749263563,0.00661500,2626.50000000,0.006663
1749263563,0.00661400,297089.20000000,0.006663
1749263563,0.00661300,1494.00000000,0.006663
1749263563,0.00661200,2627.80000000,0.006663
1749263563,0.00661100,1494.00000000,0.006663
1749263563,0.00661000,1494.00000000,0.006663
1749263563,0.00660900,150425.90000000,0.006663
1749263563,0.00660800,443238.80000000,0.006663
1749263563,0.00660700,56729.50000000,0.006663
1749263563,0.00660600,2630.20000000,0.006663
1749263563,0.00660500,1495.80000000,0.006663
1749263563,0.00660400,1496.00000000,0.006663
1749263563,0.00660300,150429.40000000,0.006663
1749263563,0.00660200,3233227.10000000,0.006663
1749263563,0.00660100,1496.70000000,0.006663
1749263563,0.00660000,187150.50000000,0.006663
1749263563,0.00659900,1497.20000000,0.006663
1749263563,0.00659800,1497.20000000,0.006663
1749263563,0.00659700,150431.70000000,0.006663
1749263563,0.00659600,297093.40000000,0.006663
1749263563,0.00659500,153209.10000000,0.006663
1749263563,0.00659400,2635.10000000,0.006663
1749263563,0.00659300,1498.70000000,0.006663
1749263563,0.00659200,153075.80000000,0.006663
1749263563,0.00659100,169960.70000000,0.006663
1749263563,0.00659000,402730.70000000,0.006663
1749263563,0.00658900,1499.20000000,0.006663
1749263563,0.00658800,2637.50000000,0.006663
1749263563,0.00658600,4515.20000000,0.006663
1749263563,0.00658500,224381.10000000,0.006663
1749263563,0.00658400,295595.60000000,0.006663
1749263563,0.00658200,1138.90000000,0.006663
1749263563,0.00657900,148937.20000000,0.006663
1749263563,0.00657800,304758.10000000,0.006663
1749263563,0.00657700,2280.60000000,0.006663
1749263563,0.00657600,5144.60000000,0.006663
1749263563,0.00657300,148928.60000000,0.006663
1749263563,0.00657200,295595.60000000,0.006663
1749263563,0.00657000,1131.20000000,0.006663
1749263563,0.00656900,105424.70000000,0.006663
1749263563,0.00656700,148929.30000000,0.006663
1749263563,0.00656400,1132.00000000,0.006663
1749263563,0.00656100,444526.00000000,0.006663
1749263563,0.00656000,122562.30000000,0.006663
1749263563,0.00655800,1133.10000000,0.006663
1749263563,0.00655500,147797.80000000,0.006663
1749263563,0.00655100,63725.30000000,0.006663
1749263563,0.00655000,643512.30000000,0.006663
1749263563,0.00654400,147797.80000000,0.006663
1749263563,0.00653900,448605.60000000,0.006663
1749263563,0.00653800,9218.50000000,0.006663
1749263563,0.00653700,1058.70000000,0.006663
1749263864,0.00667100,35550.00000000,0.006671
1749263864,0.00667000,49005.90000000,0.006671
1749263864,0.00666900,64437.40000000,0.006671
1749263864,0.00666800,14581.40000000,0.006671
1749263864,0.00666700,60097.70000000,0.006671
1749263864,0.00666600,236322.10000000,0.006671
1749263864,0.00666500,250238.60000000,0.006671
1749263864,0.00666400,312746.50000000,0.006671
1749263864,0.00666300,616642.00000000,0.006671
1749263864,0.00666200,775129.70000000,0.006671
1749263864,0.00666100,439696.10000000,0.006671
1749263864,0.00666000,433094.30000000,0.006671
1749263864,0.00665900,215652.90000000,0.006671
1749263864,0.00665800,171646.70000000,0.006671
1749263864,0.00665700,370899.30000000,0.006671
1749263864,0.00665600,565136.00000000,0.006671
1749263864,0.00665500,325806.20000000,0.006671
1749263864,0.00665400,54851.30000000,0.006671
1749263864,0.00665300,176380.20000000,0.006671
1749263864,0.00665200,229613.70000000,0.006671
1749263864,0.00665100,39307.20000000,0.006671
1749263864,0.00665000,391145.40000000,0.006671
1749263864,0.00664900,180614.70000000,0.006671
1749263864,0.00664800,118601.70000000,0.006671
1749263864,0.00664700,184851.30000000,0.006671
1749263864,0.00664600,345995.00000000,0.006671
1749263864,0.00664500,38182.00000000,0.006671
1749263864,0.00664400,332649.80000000,0.006671
1749263864,0.00664300,204017.90000000,0.006671
1749263864,0.00664200,547195.60000000,0.006671
1749263864,0.00664100,184852.60000000,0.006671
1749263864,0.00664000,117584.90000000,0.006671
1749263864,0.00663900,38184.50000000,0.006671
1749263864,0.00663800,467522.70000000,0.006671
1749263864,0.00663700,37056.00000000,0.006671
1749263864,0.00663600,287554.90000000,0.006671
1749263864,0.00663500,275466.40000000,0.006671
1749263864,0.00663400,157447.10000000,0.006671
1749263864,0.00663300,38187.10000000,0.006671
1749263864,0.00663200,332653.20000000,0.006671
1749263864,0.00663100,82134.50000000,0.006671
1749263864,0.00663000,2638.30000000,0.006671
1749263864,0.00662900,229956.60000000,0.006671
1749263864,0.00662800,76879.70000000,0.006671
1749263864,0.00662700,83302.10000000,0.006671
1749263864,0.00662600,377828.00000000,0.006671
1749263864,0.00662500,1508.50000000,0.006671
1749263864,0.00662400,83364.80000000,0.006671
1749263864,0.00662300,149306.70000000,0.006671
1749263864,0.00662200,1508.90000000,0.006671
1749263864,0.00662100,2642.00000000,0.006671
1749263864,0.00662000,297105.40000000,0.006671
1749263864,0.00661900,1509.60000000,0.006671
1749263864,0.00661800,2642.70000000,0.006671
1749263864,0.00661700,149308.10000000,0.006671
1749263864,0.00661600,1510.10000000,0.006671
1749263864,0.00661500,58016.10000000,0.006671
1749263864,0.00661400,297089.20000000,0.006671
1749263864,0.00661300,1494.00000000,0.006671
1749263864,0.00661200,2627.80000000,0.006671
1749263864,0.00661100,1494.00000000,0.006671
1749263864,0.00661000,2996926.40000000,0.006671
1749263864,0.00660900,150425.90000000,0.006671
1749263864,0.00660800,443238.80000000,0.006671
1749263864,0.00660700,1495.40000000,0.006671
1749263864,0.00660600,2630.20000000,0.006671
1749263864,0.00660500,1495.80000000,0.006671
1749263864,0.00660400,1496.00000000,0.006671
1749263864,0.00660300,150429.40000000,0.006671
1749263864,0.00660200,297092.10000000,0.006671
1749263864,0.00660100,1496.70000000,0.006671
1749263864,0.00660000,187150.50000000,0.006671
1749263864,0.00659900,1497.20000000,0.006671
1749263864,0.00659800,1497.20000000,0.006671
1749263864,0.00659700,150431.70000000,0.006671
1749263864,0.00659600,297093.40000000,0.006671
1749263864,0.00659500,151710.80000000,0.006671
1749263864,0.00659400,1136.80000000,0.006671
1749263864,0.00659200,151576.80000000,0.006671
1749263864,0.00659100,168461.50000000,0.006671
1749263864,0.00659000,295595.60000000,0.006671
1749263864,0.00658800,1137.90000000,0.006671
1749263864,0.00658700,9150.60000000,0.006671
1749263864,0.00658600,4515.20000000,0.006671
1749263864,0.00658500,148936.00000000,0.006671
1749263864,0.00658400,295595.60000000,0.006671
1749263864,0.00658200,1138.90000000,0.006671
1749263864,0.00657900,148937.20000000,0.006671
1749263864,0.00657800,295595.60000000,0.006671
1749263864,0.00657700,2280.60000000,0.006671
1749263864,0.00657600,5144.60000000,0.006671
1749263864,0.00657300,148928.60000000,0.006671
1749263864,0.00657200,295595.60000000,0.006671
1749263864,0.00657000,1131.20000000,0.006671
1749263864,0.00656700,148929.30000000,0.006671
1749263864,0.00656400,1132.00000000,0.006671
1749263864,0.00656100,444526.00000000,0.006671
1749263864,0.00656000,122562.30000000,0.006671
1749263864,0.00655800,1133.10000000,0.006671
1749263864,0.00655500,147797.80000000,0.006671
1749264166,0.00666700,41928.20000000,0.006667
1749264166,0.00666600,15706.20000000,0.006667
1749264166,0.00666500,14582.10000000,0.006667
1749264166,0.00666400,38174.80000000,0.006667
1749264166,0.00666300,124066.00000000,0.006667
1749264166,0.00666200,436115.40000000,0.006667
1749264166,0.00666100,543341.00000000,0.006667
1749264166,0.00666000,494601.10000000,0.006667
1749264166,0.00665900,340842.50000000,0.006667
1749264166,0.00665800,497934.10000000,0.006667
1749264166,0.00665700,235481.40000000,0.006667
1749264166,0.00665600,507413.20000000,0.006667
1749264166,0.00665500,310974.70000000,0.006667
1749264166,0.00665400,149603.90000000,0.006667
1749264166,0.00665300,356454.30000000,0.006667
1749264166,0.00665200,117449.00000000,0.006667
1749264166,0.00665100,38179.80000000,0.006667
1749264166,0.00665000,390017.90000000,0.006667
1749264166,0.00664900,37053.00000000,0.006667
1749264166,0.00664800,118601.70000000,0.006667
1749264166,0.00664700,319274.60000000,0.006667
1749264166,0.00664600,117498.50000000,0.006667
1749264166,0.00664500,38182.00000000,0.006667
1749264166,0.00664400,795828.60000000,0.006667
1749264166,0.00664300,129765.40000000,0.006667
1749264166,0.00664200,117960.20000000,0.006667
1749264166,0.00664100,184852.60000000,0.006667
1749264166,0.00664000,117584.90000000,0.006667
1749264166,0.00663900,111519.60000000,0.006667
1749264166,0.00663800,377630.90000000,0.006667
1749264166,0.00663700,37056.00000000,0.006667
1749264166,0.00663600,118727.60000000,0.006667
1749264166,0.00663500,239916.40000000,0.006667
1749264166,0.00663400,192977.70000000,0.006667
1749264166,0.00663300,2637.10000000,0.006667
1749264166,0.00663200,297103.20000000,0.006667
1749264166,0.00663100,82134.50000000,0.006667
1749264166,0.00663000,2638.30000000,0.006667
1749264166,0.00662900,305339.20000000,0.006667
1749264166,0.00662800,81771.60000000,0.006667
1749264166,0.00662700,2638.80000000,0.006667
1749264166,0.00662600,297103.80000000,0.006667
1749264166,0.00662500,1508.50000000,0.006667
1749264166,0.00662400,100421.10000000,0.006667
1749264166,0.00662300,149306.70000000,0.006667
1749264166,0.00662200,1508.90000000,0.006667
1749264166,0.00662100,2642.00000000,0.006667
1749264166,0.00662000,297105.40000000,0.006667
1749264166,0.00661900,1509.60000000,0.006667
1749264166,0.00661800,2642.70000000,0.006667
1749264166,0.00661700,149308.10000000,0.006667
1749264166,0.00661600,1510.10000000,0.006667
1749264166,0.00661500,37934.10000000,0.006667
1749264166,0.00661400,297089.20000000,0.006667
1749264166,0.00661300,1494.00000000,0.006667
1749264166,0.00661200,191132.40000000,0.006667
1749264166,0.00661100,56747.80000000,0.006667
1749264166,0.00661000,1494.00000000,0.006667
1749264166,0.00660900,150425.90000000,0.006667
1749264166,0.00660800,443238.80000000,0.006667
1749264166,0.00660700,2886788.30000000,0.006667
1749264166,0.00660600,153885.70000000,0.006667
1749264166,0.00660500,1495.80000000,0.006667
1749264166,0.00660400,1496.00000000,0.006667
1749264166,0.00660300,150429.40000000,0.006667
1749264166,0.00660200,297092.10000000,0.006667
1749264166,0.00660100,1496.70000000,0.006667
1749264166,0.00660000,2632.70000000,0.006667
1749264166,0.00659900,1497.20000000,0.006667
1749264166,0.00659800,1497.40000000,0.006667
1749264166,0.00659700,150431.50000000,0.006667
1749264166,0.00659600,448780.80000000,0.006667
1749264166,0.00659500,1498.10000000,0.006667
1749264166,0.00659400,11776.20000000,0.006667
1749264166,0.00659300,1498.50000000,0.006667
1749264166,0.00659200,1498.70000000,0.006667
1749264166,0.00659100,168461.50000000,0.006667
1749264166,0.00659000,295595.60000000,0.006667
1749264166,0.00658800,1137.90000000,0.006667
1749264166,0.00658600,4515.20000000,0.006667
1749264166,0.00658500,148936.00000000,0.006667
1749264166,0.00658400,295595.60000000,0.006667
1749264166,0.00658200,1138.90000000,0.006667
1749264166,0.00657900,148937.20000000,0.006667
1749264166,0.00657800,295595.60000000,0.006667
1749264166,0.00657700,2280.60000000,0.006667
1749264166,0.00657600,5144.60000000,0.006667
1749264166,0.00657300,148928.60000000,0.006667
1749264166,0.00657200,295595.60000000,0.006667
1749264166,0.00657000,1131.20000000,0.006667
1749264166,0.00656700,148929.30000000,0.006667
1749264166,0.00656400,1132.00000000,0.006667
1749264166,0.00656100,444526.00000000,0.006667
1749264166,0.00656000,122562.30000000,0.006667
1749264166,0.00655800,1133.10000000,0.006667
1749264166,0.00655500,147797.80000000,0.006667
1749264166,0.00655400,9197.00000000,0.006667
1749264166,0.00655200,340880.00000000,0.006667
1749264166,0.00655100,12315.00000000,0.006667
1749264166,0.00655000,643512.30000000,0.006667
1749264467,0.00666700,132507.30000000,0.006668
1749264467,0.00666600,50131.70000000,0.006668
1749264467,0.00666500,48632.50000000,0.006668
1749264467,0.00666400,50132.40000000,0.006668
1749264467,0.00666300,137954.70000000,0.006668
1749264467,0.00666200,503322.80000000,0.006668
1749264467,0.00666100,433076.30000000,0.006668
1749264467,0.00666000,385668.00000000,0.006668
1749264467,0.00665900,89260.80000000,0.006668
1749264467,0.00665800,327369.40000000,0.006668
1749264467,0.00665700,524921.40000000,0.006668
1749264467,0.00665600,817405.90000000,0.006668
1749264467,0.00665500,467401.20000000,0.006668
1749264467,0.00665400,463024.20000000,0.006668
1749264467,0.00665300,172198.90000000,0.006668
1749264467,0.00665200,187207.20000000,0.006668
1749264467,0.00665100,243048.90000000,0.006668
1749264467,0.00665000,389991.60000000,0.006668
1749264467,0.00664900,74618.30000000,0.006668
1749264467,0.00664800,118601.70000000,0.006668
1749264467,0.00664700,184851.30000000,0.006668
1749264467,0.00664600,117498.50000000,0.006668
1749264467,0.00664500,38182.00000000,0.006668
1749264467,0.00664400,332649.80000000,0.006668
1749264467,0.00664300,129787.90000000,0.006668
1749264467,0.00664200,117960.20000000,0.006668
1749264467,0.00664100,614152.70000000,0.006668
1749264467,0.00664000,117584.90000000,0.006668
1749264467,0.00663900,111402.80000000,0.006668
1749264467,0.00663800,377630.90000000,0.006668
1749264467,0.00663700,130224.50000000,0.006668
1749264467,0.00663600,118727.60000000,0.006668
1749264467,0.00663500,239916.40000000,0.006668
1749264467,0.00663400,117671.30000000,0.006668
1749264467,0.00663300,77955.80000000,0.006668
1749264467,0.00663200,297103.20000000,0.006668
1749264467,0.00663100,82134.50000000,0.006668
1749264467,0.00663000,100330.30000000,0.006668
1749264467,0.00662900,305339.20000000,0.006668
1749264467,0.00662800,81771.60000000,0.006668
1749264467,0.00662700,2638.80000000,0.006668
1749264467,0.00662600,297103.80000000,0.006668
1749264467,0.00662500,81760.50000000,0.006668
1749264467,0.00662400,2640.60000000,0.006668
1749264467,0.00662300,149306.70000000,0.006668
1749264467,0.00662200,1508.90000000,0.006668
1749264467,0.00662100,2642.00000000,0.006668
1749264467,0.00662000,297105.40000000,0.006668
1749264467,0.00661900,1509.60000000,0.006668
1749264467,0.00661800,2642.70000000,0.006668
1749264467,0.00661700,149308.10000000,0.006668
1749264467,0.00661600,1510.10000000,0.006668
1749264467,0.00661500,37934.10000000,0.006668
1749264467,0.00661400,297089.20000000,0.006668
1749264467,0.00661300,1494.00000000,0.006668
1749264467,0.00661200,191132.40000000,0.006668
1749264467,0.00661100,1494.00000000,0.006668
1749264467,0.00661000,56713.90000000,0.006668
1749264467,0.00660900,150425.90000000,0.006668
1749264467,0.00660800,297089.60000000,0.006668
1749264467,0.00660700,1495.40000000,0.006668
1749264467,0.00660600,2927206.90000000,0.006668
1749264467,0.00660500,1495.80000000,0.006668
1749264467,0.00660400,1496.00000000,0.006668
1749264467,0.00660300,150429.40000000,0.006668
1749264467,0.00660200,297092.10000000,0.006668
1749264467,0.00660100,1496.70000000,0.006668
1749264467,0.00660000,2632.70000000,0.006668
1749264467,0.00659900,1497.20000000,0.006668
1749264467,0.00659800,147878.40000000,0.006668
1749264467,0.00659700,150431.50000000,0.006668
1749264467,0.00659600,448780.80000000,0.006668
1749264467,0.00659500,1498.10000000,0.006668
1749264467,0.00659400,2635.10000000,0.006668
1749264467,0.00659300,1498.30000000,0.006668
1749264467,0.00659200,1498.70000000,0.006668
1749264467,0.00659100,320046.50000000,0.006668
1749264467,0.00659000,295595.60000000,0.006668
1749264467,0.00658800,1137.90000000,0.006668
1749264467,0.00658600,4515.20000000,0.006668
1749264467,0.00658500,148936.00000000,0.006668
1749264467,0.00658400,304751.80000000,0.006668
1749264467,0.00658200,1138.90000000,0.006668
1749264467,0.00657900,148937.20000000,0.006668
1749264467,0.00657800,295595.60000000,0.006668
1749264467,0.00657700,2280.60000000,0.006668
1749264467,0.00657600,5144.60000000,0.006668
1749264467,0.00657300,148928.60000000,0.006668
1749264467,0.00657200,295595.60000000,0.006668
1749264467,0.00657000,1131.20000000,0.006668
1749264467,0.00656700,148929.30000000,0.006668
1749264467,0.00656400,1132.00000000,0.006668
1749264467,0.00656100,444526.00000000,0.006668
1749264467,0.00656000,122562.30000000,0.006668
1749264467,0.00655800,1133.10000000,0.006668
1749264467,0.00655500,147797.80000000,0.006668
1749264467,0.00655200,340880.00000000,0.006668
1749264467,0.00655100,12315.00000000,0.006668
1749264467,0.00655000,643512.30000000,0.006668
1749264467,0.00654400,157010.00000000,0.006668
1749264769,0.00668600,60365.40000000,0.006687
1749264769,0.00668500,95669.80000000,0.006687
1749264769,0.00668400,107904.20000000,0.006687
1749264769,0.00668300,94937.60000000,0.006687
1749264769,0.00668200,152561.90000000,0.006687
1749264769,0.00668100,144440.30000000,0.006687
1749264769,0.00668000,672581.50000000,0.006687
1749264769,0.00667900,569515.50000000,0.006687
1749264769,0.00667800,252138.40000000,0.006687
1749264769,0.00667700,254322.40000000,0.006687
1749264769,0.00667600,763866.30000000,0.006687
1749264769,0.00667500,399906.20000000,0.006687
1749264769,0.00667400,582256.60000000,0.006687
1749264769,0.00667300,319092.30000000,0.006687
1749264769,0.00667200,165448.80000000,0.006687
1749264769,0.00667100,229594.90000000,0.006687
1749264769,0.00667000,130286.20000000,0.006687
1749264769,0.00666900,246323.70000000,0.006687
1749264769,0.00666800,672017.80000000,0.006687
1749264769,0.00666700,185971.70000000,0.006687
1749264769,0.00666600,83928.50000000,0.006687
1749264769,0.00666500,74529.00000000,0.006687
1749264769,0.00666400,124773.90000000,0.006687
1749264769,0.00666300,82877.00000000,0.006687
1749264769,0.00666200,412897.70000000,0.006687
1749264769,0.00666100,149298.60000000,0.006687
1749264769,0.00666000,118464.30000000,0.006687
1749264769,0.00665900,37050.80000000,0.006687
1749264769,0.00665800,117339.10000000,0.006687
1749264769,0.00665700,638346.50000000,0.006687
1749264769,0.00665600,412995.70000000,0.006687
1749264769,0.00665500,184849.50000000,0.006687
1749264769,0.00665400,266917.30000000,0.006687
1749264769,0.00665300,117376.30000000,0.006687
1749264769,0.00665200,117449.00000000,0.006687
1749264769,0.00665100,38179.80000000,0.006687
1749264769,0.00665000,461941.60000000,0.006687
1749264769,0.00664900,37053.00000000,0.006687
1749264769,0.00664800,118601.70000000,0.006687
1749264769,0.00664700,260008.30000000,0.006687
1749264769,0.00664600,172459.50000000,0.006687
1749264769,0.00664500,2632.00000000,0.006687
1749264769,0.00664400,297099.80000000,0.006687
1749264769,0.00664300,81973.60000000,0.006687
1749264769,0.00664200,82410.20000000,0.006687
1749264769,0.00664100,149302.60000000,0.006687
1749264769,0.00664000,157292.60000000,0.006687
1749264769,0.00663900,2634.50000000,0.006687
1749264769,0.00663800,297101.10000000,0.006687
1749264769,0.00663700,1506.00000000,0.006687
1749264769,0.00663600,2635.70000000,0.006687
1749264769,0.00663500,149303.80000000,0.006687
1749264769,0.00663400,1506.60000000,0.006687
1749264769,0.00663300,2637.10000000,0.006687
1749264769,0.00663200,297103.20000000,0.006687
1749264769,0.00663100,1507.60000000,0.006687
1749264769,0.00663000,58528.80000000,0.006687
1749264769,0.00662900,149305.40000000,0.006687
1749264769,0.00662800,1507.60000000,0.006687
1749264769,0.00662700,2638.80000000,0.006687
1749264769,0.00662600,3192121.30000000,0.006687
1749264769,0.00662500,1508.50000000,0.006687
1749264769,0.00662400,186414.60000000,0.006687
1749264769,0.00662300,149306.70000000,0.006687
1749264769,0.00662200,1508.90000000,0.006687
1749264769,0.00662100,2642.00000000,0.006687
1749264769,0.00662000,297105.40000000,0.006687
1749264769,0.00661900,152670.30000000,0.006687
1749264769,0.00661800,2642.70000000,0.006687
1749264769,0.00661700,149308.10000000,0.006687
1749264769,0.00661600,1510.10000000,0.006687
1749264769,0.00661500,37934.10000000,0.006687
1749264769,0.00661400,297089.20000000,0.006687
1749264769,0.00661300,5797.40000000,0.006687
1749264769,0.00661200,6627.60000000,0.006687
1749264769,0.00661100,1494.00000000,0.006687
1749264769,0.00660900,148931.90000000,0.006687
1749264769,0.00660800,295595.60000000,0.006687
1749264769,0.00660600,1134.80000000,0.006687
1749264769,0.00660500,297525.50000000,0.006687
1749264769,0.00660300,148933.10000000,0.006687
1749264769,0.00660200,295595.60000000,0.006687
1749264769,0.00660000,154307.70000000,0.006687
1749264769,0.00659900,19500.70000000,0.006687
1749264769,0.00659700,148934.10000000,0.006687
1749264769,0.00659600,295595.60000000,0.006687
1749264769,0.00659500,9137.80000000,0.006687
1749264769,0.00659400,1136.80000000,0.006687
1749264769,0.00659100,148935.20000000,0.006687
1749264769,0.00659000,295595.60000000,0.006687
1749264769,0.00658800,1137.90000000,0.006687
1749264769,0.00658500,148936.00000000,0.006687
1749264769,0.00658400,295595.60000000,0.006687
1749264769,0.00658200,1138.90000000,0.006687
1749264769,0.00657900,148937.20000000,0.006687
1749264769,0.00657800,295595.60000000,0.006687
1749264769,0.00657700,2280.60000000,0.006687
1749264769,0.00657600,1140.00000000,0.006687
1749264769,0.00657300,148928.60000000,0.006687
1749264769,0.00657200,295595.60000000,0.006687
1749265070,0.00670300,1491.60000000,0.006704
1749265070,0.00670200,2610.50000000,0.006704
1749265070,0.00670100,18918.30000000,0.006704
1749265070,0.00670000,29623.40000000,0.006704
1749265070,0.00669900,135782.00000000,0.006704
1749265070,0.00669800,467331.00000000,0.006704
1749265070,0.00669700,266352.80000000,0.006704
1749265070,0.00669600,244455.30000000,0.006704
1749265070,0.00669500,405435.60000000,0.006704
1749265070,0.00669400,306480.50000000,0.006704
1749265070,0.00669300,491051.50000000,0.006704
1749265070,0.00669200,416188.50000000,0.006704
1749265070,0.00669100,144408.50000000,0.006704
1749265070,0.00669000,202140.30000000,0.006704
1749265070,0.00668900,229954.10000000,0.006704
1749265070,0.00668800,364892.70000000,0.006704
1749265070,0.00668700,215326.10000000,0.006704
1749265070,0.00668600,644572.30000000,0.006704
1749265070,0.00668500,202081.60000000,0.006704
1749265070,0.00668400,118166.70000000,0.006704
1749265070,0.00668300,36089.40000000,0.006704
1749265070,0.00668200,117051.30000000,0.006704
1749265070,0.00668100,2617.80000000,0.006704
1749265070,0.00668000,412702.30000000,0.006704
1749265070,0.00667900,610452.20000000,0.006704
1749265070,0.00667800,95017.70000000,0.006704
1749265070,0.00667700,111629.10000000,0.006704
1749265070,0.00667600,37046.90000000,0.006704
1749265070,0.00667500,118302.10000000,0.006704
1749265070,0.00667400,377224.80000000,0.006704
1749265070,0.00667300,184845.40000000,0.006704
1749265070,0.00667200,118303.20000000,0.006704
1749265070,0.00667100,134140.30000000,0.006704
1749265070,0.00667000,117204.50000000,0.006704
1749265070,0.00666900,38172.80000000,0.006704
1749265070,0.00666800,578047.30000000,0.006704
1749265070,0.00666700,184847.00000000,0.006704
1749265070,0.00666600,118353.60000000,0.006704
1749265070,0.00666500,1499.40000000,0.006704
1749265070,0.00666400,1499.60000000,0.006704
1749265070,0.00666300,82877.00000000,0.006704
1749265070,0.00666200,377347.70000000,0.006704
1749265070,0.00666100,149298.60000000,0.006704
1749265070,0.00666000,82914.30000000,0.006704
1749265070,0.00665900,1500.80000000,0.006704
1749265070,0.00665800,1501.00000000,0.006704
1749265070,0.00665700,2627.10000000,0.006704
1749265070,0.00665600,297097.30000000,0.006704
1749265070,0.00665500,149299.50000000,0.006704
1749265070,0.00665400,77727.90000000,0.006704
1749265070,0.00665300,1502.10000000,0.006704
1749265070,0.00665200,1502.30000000,0.006704
1749265070,0.00665100,2629.80000000,0.006704
1749265070,0.00665000,297098.40000000,0.006704
1749265070,0.00664900,1503.00000000,0.006704
1749265070,0.00664800,2630.90000000,0.006704
1749265070,0.00664700,205751.60000000,0.006704
1749265070,0.00664600,1503.50000000,0.006704
1749265070,0.00664500,234222.70000000,0.006704
1749265070,0.00664400,297099.80000000,0.006704
1749265070,0.00664300,2995507.00000000,0.006704
1749265070,0.00664200,125653.80000000,0.006704
1749265070,0.00664100,175273.40000000,0.006704
1749265070,0.00664000,1505.10000000,0.006704
1749265070,0.00663900,2634.50000000,0.006704
1749265070,0.00663800,297101.10000000,0.006704
1749265070,0.00663700,339612.70000000,0.006704
1749265070,0.00663600,2635.70000000,0.006704
1749265070,0.00663500,149303.80000000,0.006704
1749265070,0.00663400,1506.60000000,0.006704
1749265070,0.00663300,153276.20000000,0.006704
1749265070,0.00663200,297103.20000000,0.006704
1749265070,0.00663100,1490.90000000,0.006704
1749265070,0.00663000,2621.20000000,0.006704
1749265070,0.00662900,149288.30000000,0.006704
1749265070,0.00662800,1490.70000000,0.006704
1749265070,0.00662700,1131.20000000,0.006704
1749265070,0.00662600,295595.60000000,0.006704
1749265070,0.00662400,1131.70000000,0.006704
1749265070,0.00662300,156897.20000000,0.006704
1749265070,0.00662100,1132.20000000,0.006704
1749265070,0.00662000,295595.60000000,0.006704
1749265070,0.00661800,1132.60000000,0.006704
1749265070,0.00661700,147797.80000000,0.006704
1749265070,0.00661500,36440.50000000,0.006704
1749265070,0.00661400,295595.60000000,0.006704
1749265070,0.00661300,23764.60000000,0.006704
1749265070,0.00661200,5133.60000000,0.006704
1749265070,0.00660900,148931.90000000,0.006704
1749265070,0.00660800,295595.60000000,0.006704
1749265070,0.00660600,1134.80000000,0.006704
1749265070,0.00660300,148933.10000000,0.006704
1749265070,0.00660200,295595.60000000,0.006704
1749265070,0.00660000,154307.70000000,0.006704
1749265070,0.00659700,148934.10000000,0.006704
1749265070,0.00659600,295595.60000000,0.006704
1749265070,0.00659500,151710.80000000,0.006704
1749265070,0.00659400,1136.80000000,0.006704
1749265070,0.00659100,148935.20000000,0.006704
1749265070,0.00659000,295595.60000000,0.006704
1749265375,0.00669700,57198.90000000,0.006698
1749265375,0.00669600,51003.20000000,0.006698
1749265375,0.00669500,211037.80000000,0.006698
1749265375,0.00669400,289965.40000000,0.006698
1749265375,0.00669300,410092.50000000,0.006698
1749265375,0.00669200,883734.80000000,0.006698
1749265375,0.00669100,171776.90000000,0.006698
1749265375,0.00669000,220957.90000000,0.006698
1749265375,0.00668900,286607.10000000,0.006698
1749265375,0.00668800,414436.70000000,0.006698
1749265375,0.00668700,88514.80000000,0.006698
1749265375,0.00668600,265341.40000000,0.006698
1749265375,0.00668500,164215.60000000,0.006698
1749265375,0.00668400,246551.00000000,0.006698
1749265375,0.00668300,90901.20000000,0.006698
1749265375,0.00668200,191509.70000000,0.006698
1749265375,0.00668100,163928.50000000,0.006698
1749265375,0.00668000,516770.30000000,0.006698
1749265375,0.00667900,309844.70000000,0.006698
1749265375,0.00667800,118229.30000000,0.006698
1749265375,0.00667700,37046.90000000,0.006698
1749265375,0.00667600,37046.90000000,0.006698
1749265375,0.00667500,236926.90000000,0.006698
1749265375,0.00667400,377224.80000000,0.006698
1749265375,0.00667300,184845.40000000,0.006698
1749265375,0.00667200,118303.20000000,0.006698
1749265375,0.00667100,111237.00000000,0.006698
1749265375,0.00667000,117204.50000000,0.006698
1749265375,0.00666900,38172.80000000,0.006698
1749265375,0.00666800,412824.10000000,0.006698
1749265375,0.00666700,611527.50000000,0.006698
1749265375,0.00666600,118353.60000000,0.006698
1749265375,0.00666500,1499.40000000,0.006698
1749265375,0.00666400,37049.60000000,0.006698
1749265375,0.00666300,118427.00000000,0.006698
1749265375,0.00666200,377347.70000000,0.006698
1749265375,0.00666100,184848.60000000,0.006698
1749265375,0.00666000,193475.40000000,0.006698
1749265375,0.00665900,98767.40000000,0.006698
1749265375,0.00665800,81405.40000000,0.006698
1749265375,0.00665700,93047.20000000,0.006698
1749265375,0.00665600,297097.30000000,0.006698
1749265375,0.00665500,149299.50000000,0.006698
1749265375,0.00665400,2628.50000000,0.006698
1749265375,0.00665300,1502.10000000,0.006698
1749265375,0.00665200,1502.30000000,0.006698
1749265375,0.00665100,2629.80000000,0.006698
1749265375,0.00665000,297098.40000000,0.006698
1749265375,0.00664900,187828.60000000,0.006698
1749265375,0.00664800,2630.90000000,0.006698
1749265375,0.00664700,149301.30000000,0.006698
1749265375,0.00664600,1503.50000000,0.006698
1749265375,0.00664500,234222.70000000,0.006698
1749265375,0.00664400,297099.80000000,0.006698
1749265375,0.00664300,1504.40000000,0.006698
1749265375,0.00664200,1880.40000000,0.006698
1749265375,0.00664100,205272.30000000,0.006698
1749265375,0.00664000,1505.10000000,0.006698
1749265375,0.00663900,2634.50000000,0.006698
1749265375,0.00663800,297101.10000000,0.006698
1749265375,0.00663700,3254323.10000000,0.006698
1749265375,0.00663600,2635.70000000,0.006698
1749265375,0.00663500,149303.80000000,0.006698
1749265375,0.00663400,1506.60000000,0.006698
1749265375,0.00663300,153276.20000000,0.006698
1749265375,0.00663200,297103.20000000,0.006698
1749265375,0.00663100,1490.20000000,0.006698
1749265375,0.00663000,2620.90000000,0.006698
1749265375,0.00662900,149288.00000000,0.006698
1749265375,0.00662800,147284.10000000,0.006698
1749265375,0.00662700,22041.80000000,0.006698
1749265375,0.00662600,297086.70000000,0.006698
1749265375,0.00662500,1491.50000000,0.006698
1749265375,0.00662400,2623.50000000,0.006698
1749265375,0.00662300,149289.60000000,0.006698
1749265375,0.00662200,1492.00000000,0.006698
1749265375,0.00662100,1132.20000000,0.006698
1749265375,0.00662000,304699.60000000,0.006698
1749265375,0.00661800,1132.60000000,0.006698
1749265375,0.00661700,147797.80000000,0.006698
1749265375,0.00661500,36440.50000000,0.006698
1749265375,0.00661400,295595.60000000,0.006698
1749265375,0.00661300,4303.40000000,0.006698
1749265375,0.00661200,5133.60000000,0.006698
1749265375,0.00660900,148931.90000000,0.006698
1749265375,0.00660800,295595.60000000,0.006698
1749265375,0.00660600,1134.80000000,0.006698
1749265375,0.00660300,148933.10000000,0.006698
1749265375,0.00660200,295595.60000000,0.006698
1749265375,0.00660000,154307.70000000,0.006698
1749265375,0.00659700,148934.10000000,0.006698
1749265375,0.00659600,295595.60000000,0.006698
1749265375,0.00659500,151710.80000000,0.006698
1749265375,0.00659400,1136.80000000,0.006698
1749265375,0.00659100,148935.20000000,0.006698
1749265375,0.00659000,295595.60000000,0.006698
1749265375,0.00658800,1137.90000000,0.006698
1749265375,0.00658500,148936.00000000,0.006698
1749265375,0.00658400,295595.60000000,0.006698
1749265375,0.00658000,887.50000000,0.006698
1749265677,0.00671100,1489.10000000,0.00671
1749265677,0.00671000,14564.70000000,0.00671
1749265677,0.00670900,55100.00000000,0.00671
1749265677,0.00670800,46636.90000000,0.00671
1749265677,0.00670700,200125.90000000,0.00671
1749265677,0.00670600,595380.20000000,0.00671
1749265677,0.00670500,361432.50000000,0.00671
1749265677,0.00670400,400071.00000000,0.00671
1749265677,0.00670300,348408.00000000,0.00671
1749265677,0.00670200,296836.50000000,0.00671
1749265677,0.00670100,406046.70000000,0.00671
1749265677,0.00670000,752795.50000000,0.00671
1749265677,0.00669900,183244.60000000,0.00671
1749265677,0.00669800,254428.40000000,0.00671
1749265677,0.00669700,242981.50000000,0.00671
1749265677,0.00669600,128534.80000000,0.00671
1749265677,0.00669500,427310.50000000,0.00671
1749265677,0.00669400,297088.70000000,0.00671
1749265677,0.00669300,118055.50000000,0.00671
1749265677,0.00669200,234598.90000000,0.00671
1749265677,0.00669100,116971.80000000,0.00671
1749265677,0.00669000,38165.00000000,0.00671
1749265677,0.00668900,309846.40000000,0.00671
1749265677,0.00668800,412568.30000000,0.00671
1749265677,0.00668700,42269.50000000,0.00671
1749265677,0.00668600,184842.50000000,0.00671
1749265677,0.00668500,129385.70000000,0.00671
1749265677,0.00668400,118166.70000000,0.00671
1749265677,0.00668300,110678.40000000,0.00671
1749265677,0.00668200,117051.30000000,0.00671
1749265677,0.00668100,2617.80000000,0.00671
1749265677,0.00668000,412702.30000000,0.00671
1749265677,0.00667900,700572.60000000,0.00671
1749265677,0.00667800,118229.30000000,0.00671
1749265677,0.00667700,128802.10000000,0.00671
1749265677,0.00667600,37046.90000000,0.00671
1749265677,0.00667500,118302.10000000,0.00671
1749265677,0.00667400,376783.10000000,0.00671
1749265677,0.00667300,149295.40000000,0.00671
1749265677,0.00667200,82335.30000000,0.00671
1749265677,0.00667100,76389.30000000,0.00671
1749265677,0.00667000,81212.60000000,0.00671
1749265677,0.00666900,2622.80000000,0.00671
1749265677,0.00666800,297094.30000000,0.00671
1749265677,0.00666700,149297.00000000,0.00671
1749265677,0.00666600,2623.80000000,0.00671
1749265677,0.00666500,1499.40000000,0.00671
1749265677,0.00666400,32814.00000000,0.00671
1749265677,0.00666300,2625.00000000,0.00671
1749265677,0.00666200,371767.10000000,0.00671
1749265677,0.00666100,149298.60000000,0.00671
1749265677,0.00666000,2626.20000000,0.00671
1749265677,0.00665900,1500.80000000,0.00671
1749265677,0.00665800,1501.00000000,0.00671
1749265677,0.00665700,2627.10000000,0.00671
1749265677,0.00665600,353573.40000000,0.00671
1749265677,0.00665500,149299.50000000,0.00671
1749265677,0.00665400,2628.50000000,0.00671
1749265677,0.00665300,1502.10000000,0.00671
1749265677,0.00665200,1502.30000000,0.00671
1749265677,0.00665100,2980485.90000000,0.00671
1749265677,0.00665000,297098.40000000,0.00671
1749265677,0.00664900,186075.80000000,0.00671
1749265677,0.00664800,2630.90000000,0.00671
1749265677,0.00664700,149301.30000000,0.00671
1749265677,0.00664600,1503.50000000,0.00671
1749265677,0.00664500,234205.70000000,0.00671
1749265677,0.00664400,297082.70000000,0.00671
1749265677,0.00664300,1487.40000000,0.00671
1749265677,0.00664200,2615.70000000,0.00671
1749265677,0.00664100,149285.20000000,0.00671
1749265677,0.00664000,1488.00000000,0.00671
1749265677,0.00663900,2617.20000000,0.00671
1749265677,0.00663800,297084.10000000,0.00671
1749265677,0.00663700,152239.40000000,0.00671
1749265677,0.00663600,33651.40000000,0.00671
1749265677,0.00663500,147797.80000000,0.00671
1749265677,0.00663300,1130.20000000,0.00671
1749265677,0.00663200,446255.90000000,0.00671
1749265677,0.00663000,1130.70000000,0.00671
1749265677,0.00662900,156886.70000000,0.00671
1749265677,0.00662800,145793.90000000,0.00671
1749265677,0.00662700,20550.90000000,0.00671
1749265677,0.00662600,295595.60000000,0.00671
1749265677,0.00662400,1131.70000000,0.00671
1749265677,0.00662300,147797.80000000,0.00671
1749265677,0.00662100,1132.20000000,0.00671
1749265677,0.00662000,295595.60000000,0.00671
1749265677,0.00661800,1132.60000000,0.00671
1749265677,0.00661700,147797.80000000,0.00671
1749265677,0.00661600,151229.20000000,0.00671
1749265677,0.00661500,36440.50000000,0.00671
1749265677,0.00661400,295595.60000000,0.00671
1749265677,0.00661300,4303.40000000,0.00671
1749265677,0.00661200,5133.60000000,0.00671
1749265677,0.00660900,148931.90000000,0.00671
1749265677,0.00660800,295595.60000000,0.00671
1749265677,0.00660600,1134.80000000,0.00671
1749265677,0.00660300,148933.10000000,0.00671
1749265677,0.00660200,295595.60000000,0.00671
1749265979,0.00672600,1485.80000000,0.006727
1749265979,0.00672500,2601.00000000,0.006727
1749265979,0.00672400,26951.10000000,0.006727
1749265979,0.00672300,51224.40000000,0.006727
1749265979,0.00672200,52360.00000000,0.006727
1749265979,0.00672100,92863.90000000,0.006727
1749265979,0.00672000,189935.00000000,0.006727
1749265979,0.00671900,132874.70000000,0.006727
1749265979,0.00671800,411012.50000000,0.006727
1749265979,0.00671700,317081.60000000,0.006727
1749265979,0.00671600,276912.80000000,0.006727
1749265979,0.00671500,503656.20000000,0.006727
1749265979,0.00671400,310189.20000000,0.006727
1749265979,0.00671300,847554.40000000,0.006727
1749265979,0.00671200,675236.20000000,0.006727
1749265979,0.00671100,190009.20000000,0.006727
1749265979,0.00671000,128291.20000000,0.006727
1749265979,0.00670900,212228.90000000,0.006727
1749265979,0.00670800,160885.70000000,0.006727
1749265979,0.00670700,55656.50000000,0.006727
1749265979,0.00670600,332636.30000000,0.006727
1749265979,0.00670500,267395.90000000,0.006727
1749265979,0.00670400,37040.70000000,0.006727
1749265979,0.00670300,116790.40000000,0.006727
1749265979,0.00670200,82418.60000000,0.006727
1749265979,0.00670100,111025.60000000,0.006727
1749265979,0.00670000,332637.20000000,0.006727
1749265979,0.00669900,117970.50000000,0.006727
1749265979,0.00669800,184840.30000000,0.006727
1749265979,0.00669700,116863.40000000,0.006727
1749265979,0.00669600,134891.00000000,0.006727
1749265979,0.00669500,540809.00000000,0.006727
1749265979,0.00669400,297088.70000000,0.006727
1749265979,0.00669300,118055.50000000,0.006727
1749265979,0.00669200,184841.20000000,0.006727
1749265979,0.00669100,191633.90000000,0.006727
1749265979,0.00669000,128366.00000000,0.006727
1749265979,0.00668900,309846.40000000,0.006727
1749265979,0.00668800,465052.60000000,0.006727
1749265979,0.00668700,42269.50000000,0.006727
1749265979,0.00668600,149292.50000000,0.006727
1749265979,0.00668500,81495.20000000,0.006727
1749265979,0.00668400,82616.70000000,0.006727
1749265979,0.00668300,32724.40000000,0.006727
1749265979,0.00668200,81501.30000000,0.006727
1749265979,0.00668100,2617.80000000,0.006727
1749265979,0.00668000,297092.50000000,0.006727
1749265979,0.00667900,149294.70000000,0.006727
1749265979,0.00667800,2619.50000000,0.006727
1749265979,0.00667700,1496.90000000,0.006727
1749265979,0.00667600,1496.90000000,0.006727
1749265979,0.00667500,2620.30000000,0.006727
1749265979,0.00667400,297093.00000000,0.006727
1749265979,0.00667300,149295.40000000,0.006727
1749265979,0.00667200,2621.40000000,0.006727
1749265979,0.00667100,58481.10000000,0.006727
1749265979,0.00667000,1498.70000000,0.006727
1749265979,0.00666900,2622.80000000,0.006727
1749265979,0.00666800,297094.30000000,0.006727
1749265979,0.00666700,3391735.50000000,0.006727
1749265979,0.00666600,2623.80000000,0.006727
1749265979,0.00666500,1499.40000000,0.006727
1749265979,0.00666400,1499.60000000,0.006727
1749265979,0.00666300,2625.00000000,0.006727
1749265979,0.00666200,297095.70000000,0.006727
1749265979,0.00666100,332305.40000000,0.006727
1749265979,0.00666000,2626.20000000,0.006727
1749265979,0.00665900,1500.80000000,0.006727
1749265979,0.00665800,1501.00000000,0.006727
1749265979,0.00665700,2627.10000000,0.006727
1749265979,0.00665600,297097.30000000,0.006727
1749265979,0.00665500,192139.30000000,0.006727
1749265979,0.00665400,2628.50000000,0.006727
1749265979,0.00665300,1502.10000000,0.006727
1749265979,0.00665200,1485.40000000,0.006727
1749265979,0.00665100,2612.60000000,0.006727
1749265979,0.00665000,295595.60000000,0.006727
1749265979,0.00664800,146497.60000000,0.006727
1749265979,0.00664700,151797.60000000,0.006727
1749265979,0.00664600,159411.60000000,0.006727
1749265979,0.00664500,232718.80000000,0.006727
1749265979,0.00664400,295595.60000000,0.006727
1749265979,0.00664200,1128.30000000,0.006727
1749265979,0.00664100,167177.20000000,0.006727
1749265979,0.00663900,1129.00000000,0.006727
1749265979,0.00663800,295595.60000000,0.006727
1749265979,0.00663600,1129.70000000,0.006727
1749265979,0.00663500,147797.80000000,0.006727
1749265979,0.00663300,33363.60000000,0.006727
1749265979,0.00663200,295595.60000000,0.006727
1749265979,0.00663000,1130.70000000,0.006727
1749265979,0.00662900,147797.80000000,0.006727
1749265979,0.00662700,1131.20000000,0.006727
1749265979,0.00662600,446596.60000000,0.006727
1749265979,0.00662400,1131.70000000,0.006727
1749265979,0.00662300,147797.80000000,0.006727
1749265979,0.00662100,1132.20000000,0.006727
1749265979,0.00662000,295595.60000000,0.006727
1749265979,0.00661800,1132.60000000,0.006727
1749265979,0.00661700,147797.80000000,0.006727
1749266285,0.00672400,1486.00000000,0.006725
1749266285,0.00672300,2601.90000000,0.006725
1749266285,0.00672200,2602.20000000,0.006725
1749266285,0.00672100,57447.60000000,0.006725
1749266285,0.00672000,15676.40000000,0.006725
1749266285,0.00671900,182820.70000000,0.006725
1749266285,0.00671800,423327.00000000,0.006725
1749266285,0.00671700,508468.30000000,0.006725
1749266285,0.00671600,572421.10000000,0.006725
1749266285,0.00671500,547340.60000000,0.006725
1749266285,0.00671400,611497.30000000,0.006725
1749266285,0.00671300,233925.70000000,0.006725
1749266285,0.00671200,458454.30000000,0.006725
1749266285,0.00671100,262437.60000000,0.006725
1749266285,0.00671000,165317.90000000,0.006725
1749266285,0.00670900,193160.10000000,0.006725
1749266285,0.00670800,231447.80000000,0.006725
1749266285,0.00670700,37040.70000000,0.006725
1749266285,0.00670600,345025.10000000,0.006725
1749266285,0.00670500,267395.80000000,0.006725
1749266285,0.00670400,109662.40000000,0.006725
1749266285,0.00670300,116790.40000000,0.006725
1749266285,0.00670200,117968.60000000,0.006725
1749266285,0.00670100,37041.60000000,0.006725
1749266285,0.00670000,332637.20000000,0.006725
1749266285,0.00669900,129813.70000000,0.006725
1749266285,0.00669800,608528.40000000,0.006725
1749266285,0.00669700,116863.40000000,0.006725
1749266285,0.00669600,71416.10000000,0.006725
1749266285,0.00669500,288020.90000000,0.006725
1749266285,0.00669400,327312.70000000,0.006725
1749266285,0.00669300,118055.50000000,0.006725
1749266285,0.00669200,216028.20000000,0.006725
1749266285,0.00669100,262272.00000000,0.006725
1749266285,0.00669000,128366.00000000,0.006725
1749266285,0.00668900,116972.70000000,0.006725
1749266285,0.00668800,408876.10000000,0.006725
1749266285,0.00668700,6719.50000000,0.006725
1749266285,0.00668600,149292.50000000,0.006725
1749266285,0.00668500,81495.20000000,0.006725
1749266285,0.00668400,82141.00000000,0.006725
1749266285,0.00668300,76268.90000000,0.006725
1749266285,0.00668200,1495.40000000,0.006725
1749266285,0.00668100,2617.80000000,0.006725
1749266285,0.00668000,367779.70000000,0.006725
1749266285,0.00667900,149294.70000000,0.006725
1749266285,0.00667800,2619.50000000,0.006725
1749266285,0.00667700,1496.90000000,0.006725
1749266285,0.00667600,1496.90000000,0.006725
1749266285,0.00667500,2620.30000000,0.006725
1749266285,0.00667400,297093.00000000,0.006725
1749266285,0.00667300,149295.40000000,0.006725
1749266285,0.00667200,2621.40000000,0.006725
1749266285,0.00667100,1498.70000000,0.006725
1749266285,0.00667000,1498.70000000,0.006725
1749266285,0.00666900,2622.80000000,0.006725
1749266285,0.00666800,353780.90000000,0.006725
1749266285,0.00666700,299369.40000000,0.006725
1749266285,0.00666600,2623.80000000,0.006725
1749266285,0.00666500,2968550.20000000,0.006725
1749266285,0.00666400,1499.60000000,0.006725
1749266285,0.00666300,2625.00000000,0.006725
1749266285,0.00666200,297095.70000000,0.006725
1749266285,0.00666100,334288.30000000,0.006725
1749266285,0.00666000,152650.00000000,0.006725
1749266285,0.00665900,1500.80000000,0.006725
1749266285,0.00665800,1501.00000000,0.006725
1749266285,0.00665700,2610.20000000,0.006725
1749266285,0.00665600,297080.10000000,0.006725
1749266285,0.00665500,192122.30000000,0.006725
1749266285,0.00665400,2611.50000000,0.006725
1749266285,0.00665300,1485.20000000,0.006725
1749266285,0.00665200,1485.20000000,0.006725
1749266285,0.00665100,2612.70000000,0.006725
1749266285,0.00665000,297081.30000000,0.006725
1749266285,0.00664900,1486.00000000,0.006725
1749266285,0.00664800,146497.60000000,0.006725
1749266285,0.00664700,160868.00000000,0.006725
1749266285,0.00664500,232718.80000000,0.006725
1749266285,0.00664400,446187.50000000,0.006725
1749266285,0.00664200,1128.30000000,0.006725
1749266285,0.00664100,167177.20000000,0.006725
1749266285,0.00663900,1129.00000000,0.006725
1749266285,0.00663800,295595.60000000,0.006725
1749266285,0.00663600,1129.70000000,0.006725
1749266285,0.00663500,147797.80000000,0.006725
1749266285,0.00663300,33363.60000000,0.006725
1749266285,0.00663200,295595.60000000,0.006725
1749266285,0.00663000,1130.70000000,0.006725
1749266285,0.00662900,147797.80000000,0.006725
1749266285,0.00662700,1131.20000000,0.006725
1749266285,0.00662600,295595.60000000,0.006725
1749266285,0.00662400,1131.70000000,0.006725
1749266285,0.00662300,147797.80000000,0.006725
1749266285,0.00662100,1132.20000000,0.006725
1749266285,0.00662000,295595.60000000,0.006725
1749266285,0.00661800,1132.60000000,0.006725
1749266285,0.00661700,147797.80000000,0.006725
1749266285,0.00661500,36440.50000000,0.006725
1749266285,0.00661400,295595.60000000,0.006725
1749266586,0.00673000,84301.60000000,0.00673
1749266586,0.00672900,78354.30000000,0.00673
1749266586,0.00672800,77361.50000000,0.00673
1749266586,0.00672700,14557.90000000,0.00673
1749266586,0.00672600,119496.20000000,0.00673
1749266586,0.00672500,370766.50000000,0.00673
1749266586,0.00672400,317611.20000000,0.00673
1749266586,0.00672300,171208.80000000,0.00673
1749266586,0.00672200,94084.00000000,0.00673
1749266586,0.00672100,89345.90000000,0.00673
1749266586,0.00672000,272710.20000000,0.00673
1749266586,0.00671900,647500.90000000,0.00673
1749266586,0.00671800,987064.10000000,0.00673
1749266586,0.00671700,528242.30000000,0.00673
1749266586,0.00671600,417101.20000000,0.00673
1749266586,0.00671500,250513.90000000,0.00673
1749266586,0.00671400,388972.10000000,0.00673
1749266586,0.00671300,547066.90000000,0.00673
1749266586,0.00671200,531856.50000000,0.00673
1749266586,0.00671100,188321.10000000,0.00673
1749266586,0.00671000,254852.00000000,0.00673
1749266586,0.00670900,13447.20000000,0.00673
1749266586,0.00670800,203121.30000000,0.00673
1749266586,0.00670700,48997.60000000,0.00673
1749266586,0.00670600,345054.60000000,0.00673
1749266586,0.00670500,82346.30000000,0.00673
1749266586,0.00670400,184838.50000000,0.00673
1749266586,0.00670300,116790.40000000,0.00673
1749266586,0.00670200,346656.70000000,0.00673
1749266586,0.00670100,37041.60000000,0.00673
1749266586,0.00670000,407124.90000000,0.00673
1749266586,0.00669900,214656.30000000,0.00673
1749266586,0.00669800,608427.30000000,0.00673
1749266586,0.00669700,116863.40000000,0.00673
1749266586,0.00669600,38161.90000000,0.00673
1749266586,0.00669500,116863.60000000,0.00673
1749266586,0.00669400,297088.70000000,0.00673
1749266586,0.00669300,118055.50000000,0.00673
1749266586,0.00669200,184841.20000000,0.00673
1749266586,0.00669100,206038.10000000,0.00673
1749266586,0.00669000,112836.90000000,0.00673
1749266586,0.00668900,81422.70000000,0.00673
1749266586,0.00668800,377018.30000000,0.00673
1749266586,0.00668700,2615.20000000,0.00673
1749266586,0.00668600,149292.50000000,0.00673
1749266586,0.00668500,81495.20000000,0.00673
1749266586,0.00668400,82141.00000000,0.00673
1749266586,0.00668300,1495.40000000,0.00673
1749266586,0.00668200,81114.40000000,0.00673
1749266586,0.00668100,2617.80000000,0.00673
1749266586,0.00668000,415022.50000000,0.00673
1749266586,0.00667900,149294.70000000,0.00673
1749266586,0.00667800,2619.50000000,0.00673
1749266586,0.00667700,1496.90000000,0.00673
1749266586,0.00667600,1496.90000000,0.00673
1749266586,0.00667500,2620.30000000,0.00673
1749266586,0.00667400,297093.00000000,0.00673
1749266586,0.00667300,206150.20000000,0.00673
1749266586,0.00667200,2621.40000000,0.00673
1749266586,0.00667100,1498.70000000,0.00673
1749266586,0.00667000,1498.70000000,0.00673
1749266586,0.00666900,2957130.30000000,0.00673
1749266586,0.00666800,297094.30000000,0.00673
1749266586,0.00666700,149297.00000000,0.00673
1749266586,0.00666600,2623.80000000,0.00673
1749266586,0.00666500,1499.40000000,0.00673
1749266586,0.00666400,1499.60000000,0.00673
1749266586,0.00666300,2625.00000000,0.00673
1749266586,0.00666200,484736.70000000,0.00673
1749266586,0.00666100,149298.60000000,0.00673
1749266586,0.00666000,2626.20000000,0.00673
1749266586,0.00665900,151553.30000000,0.00673
1749266586,0.00665800,1501.00000000,0.00673
1749266586,0.00665700,2610.20000000,0.00673
1749266586,0.00665600,297080.10000000,0.00673
1749266586,0.00665500,192122.30000000,0.00673
1749266586,0.00665400,1126.60000000,0.00673
1749266586,0.00665100,151560.40000000,0.00673
1749266586,0.00665000,295595.60000000,0.00673
1749266586,0.00664800,146497.60000000,0.00673
1749266586,0.00664700,151797.60000000,0.00673
1749266586,0.00664500,232718.80000000,0.00673
1749266586,0.00664400,295595.60000000,0.00673
1749266586,0.00664200,1128.30000000,0.00673
1749266586,0.00664100,167177.20000000,0.00673
1749266586,0.00663900,1129.00000000,0.00673
1749266586,0.00663800,295595.60000000,0.00673
1749266586,0.00663600,1129.70000000,0.00673
1749266586,0.00663500,147797.80000000,0.00673
1749266586,0.00663300,33363.60000000,0.00673
1749266586,0.00663200,295595.60000000,0.00673
1749266586,0.00663000,1130.70000000,0.00673
1749266586,0.00662900,147797.80000000,0.00673
1749266586,0.00662700,10228.20000000,0.00673
1749266586,0.00662600,295595.60000000,0.00673
1749266586,0.00662400,1131.70000000,0.00673
1749266586,0.00662300,147797.80000000,0.00673
1749266586,0.00662100,1132.20000000,0.00673
1749266586,0.00662000,295595.60000000,0.00673
1749266586,0.00661800,1132.60000000,0.00673
1749266888,0.00673200,1484.30000000,0.006733
1749266888,0.00673100,38148.40000000,0.006733
1749266888,0.00673000,19417.40000000,0.006733
1749266888,0.00672900,61538.40000000,0.006733
1749266888,0.00672800,14556.80000000,0.006733
1749266888,0.00672700,124324.60000000,0.006733
1749266888,0.00672600,467714.80000000,0.006733
1749266888,0.00672500,993533.30000000,0.006733
1749266888,0.00672400,963995.40000000,0.006733
1749266888,0.00672300,169555.70000000,0.006733
1749266888,0.00672200,169253.80000000,0.006733
1749266888,0.00672100,85213.20000000,0.006733
1749266888,0.00672000,130768.70000000,0.006733
1749266888,0.00671900,183859.00000000,0.006733
1749266888,0.00671800,643457.20000000,0.006733
1749266888,0.00671700,244397.70000000,0.006733
1749266888,0.00671600,116634.70000000,0.006733
1749266888,0.00671500,163690.00000000,0.006733
1749266888,0.00671400,117892.80000000,0.006733
1749266888,0.00671300,124641.50000000,0.006733
1749266888,0.00671200,444882.80000000,0.006733
1749266888,0.00671100,117668.60000000,0.006733
1749266888,0.00671000,116777.00000000,0.006733
1749266888,0.00670900,1489.60000000,0.006733
1749266888,0.00670800,117895.00000000,0.006733
1749266888,0.00670700,110350.80000000,0.006733
1749266888,0.00670600,345006.70000000,0.006733
1749266888,0.00670500,117896.30000000,0.006733
1749266888,0.00670400,607911.80000000,0.006733
1749266888,0.00670300,116790.40000000,0.006733
1749266888,0.00670200,117968.60000000,0.006733
1749266888,0.00670100,37041.60000000,0.006733
1749266888,0.00670000,332637.20000000,0.006733
1749266888,0.00669900,117970.50000000,0.006733
1749266888,0.00669800,184840.30000000,0.006733
1749266888,0.00669700,116863.40000000,0.006733
1749266888,0.00669600,112770.00000000,0.006733
1749266888,0.00669500,81313.60000000,0.006733
1749266888,0.00669400,376542.10000000,0.006733
1749266888,0.00669300,2613.10000000,0.006733
1749266888,0.00669200,238450.50000000,0.006733
1749266888,0.00669100,80947.00000000,0.006733
1749266888,0.00669000,82080.20000000,0.006733
1749266888,0.00668900,98324.80000000,0.006733
1749266888,0.00668800,297090.10000000,0.006733
1749266888,0.00668700,2615.20000000,0.006733
1749266888,0.00668600,149292.50000000,0.006733
1749266888,0.00668500,1495.20000000,0.006733
1749266888,0.00668400,2616.70000000,0.006733
1749266888,0.00668300,1495.40000000,0.006733
1749266888,0.00668200,1495.40000000,0.006733
1749266888,0.00668100,2617.80000000,0.006733
1749266888,0.00668000,297092.50000000,0.006733
1749266888,0.00667900,149294.70000000,0.006733
1749266888,0.00667800,2619.50000000,0.006733
1749266888,0.00667700,199273.20000000,0.006733
1749266888,0.00667600,188673.40000000,0.006733
1749266888,0.00667500,2620.30000000,0.006733
1749266888,0.00667400,297093.00000000,0.006733
1749266888,0.00667300,299232.80000000,0.006733
1749266888,0.00667200,2621.40000000,0.006733
1749266888,0.00667100,2918286.20000000,0.006733
1749266888,0.00667000,1498.70000000,0.006733
1749266888,0.00666900,2622.80000000,0.006733
1749266888,0.00666800,297094.30000000,0.006733
1749266888,0.00666700,149297.00000000,0.006733
1749266888,0.00666600,2606.90000000,0.006733
1749266888,0.00666500,1482.50000000,0.006733
1749266888,0.00666400,1482.50000000,0.006733
1749266888,0.00666300,2608.10000000,0.006733
1749266888,0.00666200,297079.00000000,0.006733
1749266888,0.00666100,149281.20000000,0.006733
1749266888,0.00666000,2608.80000000,0.006733
1749266888,0.00665900,1483.40000000,0.006733
1749266888,0.00665800,151550.60000000,0.006733
1749266888,0.00665700,2610.20000000,0.006733
1749266888,0.00665600,295595.60000000,0.006733
1749266888,0.00665500,209975.90000000,0.006733
1749266888,0.00665400,1126.60000000,0.006733
1749266888,0.00665100,10193.70000000,0.006733
1749266888,0.00665000,295595.60000000,0.006733
1749266888,0.00664800,146497.60000000,0.006733
1749266888,0.00664700,151797.60000000,0.006733
1749266888,0.00664500,232718.80000000,0.006733
1749266888,0.00664400,295595.60000000,0.006733
1749266888,0.00664200,1128.30000000,0.006733
1749266888,0.00664100,147797.80000000,0.006733
1749266888,0.00663900,1129.00000000,0.006733
1749266888,0.00663800,295595.60000000,0.006733
1749266888,0.00663600,1129.70000000,0.006733
1749266888,0.00663500,298593.90000000,0.006733
1749266888,0.00663300,33363.60000000,0.006733
1749266888,0.00663200,295595.60000000,0.006733
1749266888,0.00663000,1130.70000000,0.006733
1749266888,0.00662900,147797.80000000,0.006733
1749266888,0.00662700,1131.20000000,0.006733
1749266888,0.00662600,295595.60000000,0.006733
1749266888,0.00662400,1131.70000000,0.006733
1749266888,0.00662300,147797.80000000,0.006733
1749266888,0.00662100,1132.20000000,0.006733
1749267190,0.00672100,1486.90000000,0.006722
1749267190,0.00672000,1487.40000000,0.006722
1749267190,0.00671900,19757.00000000,0.006722
1749267190,0.00671800,349538.80000000,0.006722
1749267190,0.00671700,61365.90000000,0.006722
1749267190,0.00671600,307008.10000000,0.006722
1749267190,0.00671500,522232.00000000,0.006722
1749267190,0.00671400,661749.10000000,0.006722
1749267190,0.00671300,624276.90000000,0.006722
1749267190,0.00671200,778150.20000000,0.006722
1749267190,0.00671100,164985.00000000,0.006722
1749267190,0.00671000,117892.70000000,0.006722
1749267190,0.00670900,35645.40000000,0.006722
1749267190,0.00670800,168788.70000000,0.006722
1749267190,0.00670700,278452.90000000,0.006722
1749267190,0.00670600,455298.90000000,0.006722
1749267190,0.00670500,155152.30000000,0.006722
1749267190,0.00670400,184838.50000000,0.006722
