timestamp,price,volume,current_price
1749254604,1.57300000,4136.50000000,1.573
1749254604,1.57200000,13076.30000000,1.573
1749254604,1.57100000,16906.80000000,1.573
1749254604,1.57000000,15679.20000000,1.573
1749254604,1.56900000,8767.90000000,1.573
1749254604,1.56800000,16640.70000000,1.573
1749254604,1.56700000,6058.80000000,1.573
1749254604,1.56600000,23760.80000000,1.573
1749254604,1.56500000,3531.10000000,1.573
1749254604,1.56400000,4673.50000000,1.573
1749254604,1.56300000,3502.20000000,1.573
1749254604,1.56200000,12329.00000000,1.573
1749254604,1.56100000,10107.90000000,1.573
1749254604,1.56000000,5160.30000000,1.573
1749254604,1.55900000,523.10000000,1.573
1749254604,1.55800000,4094.20000000,1.573
1749254604,1.55700000,594.00000000,1.573
1749254604,1.55600000,1716.00000000,1.573
1749254604,1.55500000,1284.40000000,1.573
1749254604,1.55400000,1607.20000000,1.573
1749254604,1.55300000,5617.70000000,1.573
1749254604,1.55200000,1602.00000000,1.573
1749254604,1.55100000,1802.50000000,1.573
1749254604,1.55000000,4018.30000000,1.573
1749254604,1.54900000,1126.60000000,1.573
1749254604,1.54800000,3493.60000000,1.573
1749254604,1.54700000,570.10000000,1.573
1749254604,1.54600000,2214.50000000,1.573
1749254604,1.54500000,609.90000000,1.573
1749254604,1.54400000,634.00000000,1.573
1749254604,1.54300000,537.00000000,1.573
1749254604,1.54200000,2551.00000000,1.573
1749254604,1.54100000,57.10000000,1.573
1749254604,1.54000000,15.30000000,1.573
1749254604,1.53900000,529.80000000,1.573
1749254604,1.53800000,21.30000000,1.573
1749254604,1.53700000,43.00000000,1.573
1749254604,1.53600000,501.40000000,1.573
1749254604,1.53500000,5037.70000000,1.573
1749254604,1.53400000,816.10000000,1.573
1749254604,1.53300000,4044.20000000,1.573
1749254604,1.53200000,16.20000000,1.573
1749254604,1.53100000,25.10000000,1.573
1749254604,1.53000000,2596.10000000,1.573
1749254604,1.52900000,50.30000000,1.573
1749254604,1.52800000,99.30000000,1.573
1749254604,1.52700000,6.40000000,1.573
1749254604,1.52600000,136.00000000,1.573
1749254604,1.52500000,239.20000000,1.573
1749254604,1.52400000,126.40000000,1.573
1749254604,1.52300000,124.40000000,1.573
1749254604,1.52200000,15.80000000,1.573
1749254604,1.52100000,6.40000000,1.573
1749254604,1.52000000,4037.30000000,1.573
1749254604,1.51900000,6.40000000,1.573
1749254604,1.51800000,1035.00000000,1.573
1749254604,1.51700000,98.70000000,1.573
1749254604,1.51600000,63.50000000,1.573
1749254604,1.51500000,183.30000000,1.573
1749254604,1.51400000,12.80000000,1.573
1749254604,1.51300000,105.60000000,1.573
1749254604,1.51200000,6.40000000,1.573
1749254604,1.51100000,6.40000000,1.573
1749254604,1.51000000,1640.10000000,1.573
1749254604,1.50900000,6.40000000,1.573
1749254604,1.50800000,535.60000000,1.573
1749254604,1.50700000,104.80000000,1.573
1749254604,1.50600000,11.70000000,1.573
1749254604,1.50500000,6.40000000,1.573
1749254604,1.50400000,143.80000000,1.573
1749254604,1.50300000,185.40000000,1.573
1749254604,1.50200000,6299.70000000,1.573
1749254604,1.50100000,10335.30000000,1.573
1749254604,1.50000000,11146.00000000,1.573
1749254604,1.49900000,25.50000000,1.573
1749254604,1.49800000,52.00000000,1.573
1749254604,1.49700000,45.70000000,1.573
1749254604,1.49600000,19.10000000,1.573
1749254604,1.49500000,444.70000000,1.573
1749254604,1.49400000,87.50000000,1.573
1749254604,1.49300000,108.10000000,1.573
1749254604,1.49200000,262.90000000,1.573
1749254604,1.49100000,106.30000000,1.573
1749254604,1.49000000,213.10000000,1.573
1749254604,1.48900000,10.40000000,1.573
1749254604,1.48800000,225.10000000,1.573
1749254604,1.48700000,130.00000000,1.573
1749254604,1.48600000,11.90000000,1.573
1749254604,1.48400000,219.00000000,1.573
1749254604,1.48300000,238.20000000,1.573
1749254604,1.48200000,36.60000000,1.573
1749254604,1.48100000,51.50000000,1.573
1749254604,1.48000000,5234.60000000,1.573
1749254604,1.47900000,369.70000000,1.573
1749254604,1.47800000,883.80000000,1.573
1749254604,1.47700000,81.70000000,1.573
1749254604,1.47600000,220.20000000,1.573
1749254604,1.47500000,1226.30000000,1.573
1749254604,1.47400000,125.10000000,1.573
1749254604,1.47300000,44.80000000,1.573
1749254911,1.57200000,2380.20000000,1.573
1749254911,1.57100000,7898.50000000,1.573
1749254911,1.57000000,14028.10000000,1.573
1749254911,1.56900000,10649.60000000,1.573
1749254911,1.56800000,24280.40000000,1.573
1749254911,1.56700000,11759.40000000,1.573
1749254911,1.56600000,13583.50000000,1.573
1749254911,1.56500000,3515.30000000,1.573
1749254911,1.56400000,4221.90000000,1.573
1749254911,1.56300000,13436.80000000,1.573
1749254911,1.56200000,13626.50000000,1.573
1749254911,1.56100000,10969.40000000,1.573
1749254911,1.56000000,5160.30000000,1.573
1749254911,1.55900000,650.10000000,1.573
1749254911,1.55800000,4094.20000000,1.573
1749254911,1.55700000,594.00000000,1.573
1749254911,1.55600000,1716.00000000,1.573
1749254911,1.55500000,1284.40000000,1.573
1749254911,1.55400000,1607.20000000,1.573
1749254911,1.55300000,5617.70000000,1.573
1749254911,1.55200000,1602.00000000,1.573
1749254911,1.55100000,2094.40000000,1.573
1749254911,1.55000000,4018.30000000,1.573
1749254911,1.54900000,1126.60000000,1.573
1749254911,1.54800000,3493.60000000,1.573
1749254911,1.54700000,570.10000000,1.573
1749254911,1.54600000,2214.50000000,1.573
1749254911,1.54500000,609.90000000,1.573
1749254911,1.54400000,634.00000000,1.573
1749254911,1.54300000,501.40000000,1.573
1749254911,1.54200000,2586.70000000,1.573
1749254911,1.54100000,57.10000000,1.573
1749254911,1.54000000,15.30000000,1.573
1749254911,1.53900000,529.80000000,1.573
1749254911,1.53800000,21.30000000,1.573
1749254911,1.53700000,3555.20000000,1.573
1749254911,1.53600000,501.40000000,1.573
1749254911,1.53500000,5037.70000000,1.573
1749254911,1.53400000,816.10000000,1.573
1749254911,1.53300000,522.90000000,1.573
1749254911,1.53200000,16.20000000,1.573
1749254911,1.53100000,25.10000000,1.573
1749254911,1.53000000,2596.10000000,1.573
1749254911,1.52900000,50.30000000,1.573
1749254911,1.52800000,594.30000000,1.573
1749254911,1.52700000,6.40000000,1.573
1749254911,1.52600000,136.00000000,1.573
1749254911,1.52500000,239.20000000,1.573
1749254911,1.52400000,126.40000000,1.573
1749254911,1.52300000,124.40000000,1.573
1749254911,1.52200000,15.80000000,1.573
1749254911,1.52100000,6.40000000,1.573
1749254911,1.52000000,4037.30000000,1.573
1749254911,1.51900000,6.40000000,1.573
1749254911,1.51800000,1035.00000000,1.573
1749254911,1.51700000,98.70000000,1.573
1749254911,1.51600000,63.50000000,1.573
1749254911,1.51500000,18.30000000,1.573
1749254911,1.51400000,12.80000000,1.573
1749254911,1.51300000,270.80000000,1.573
1749254911,1.51200000,6.40000000,1.573
1749254911,1.51100000,6.40000000,1.573
1749254911,1.51000000,1640.10000000,1.573
1749254911,1.50900000,6.40000000,1.573
1749254911,1.50800000,535.60000000,1.573
1749254911,1.50700000,104.80000000,1.573
1749254911,1.50600000,11.70000000,1.573
1749254911,1.50500000,6.40000000,1.573
1749254911,1.50400000,143.80000000,1.573
1749254911,1.50300000,185.40000000,1.573
1749254911,1.50200000,6299.70000000,1.573
1749254911,1.50100000,10335.30000000,1.573
1749254911,1.50000000,11146.00000000,1.573
1749254911,1.49900000,25.50000000,1.573
1749254911,1.49800000,52.00000000,1.573
1749254911,1.49700000,52.10000000,1.573
1749254911,1.49600000,19.10000000,1.573
1749254911,1.49500000,444.70000000,1.573
1749254911,1.49400000,87.50000000,1.573
1749254911,1.49300000,108.10000000,1.573
1749254911,1.49200000,262.90000000,1.573
1749254911,1.49100000,106.30000000,1.573
1749254911,1.49000000,213.10000000,1.573
1749254911,1.48900000,10.40000000,1.573
1749254911,1.48800000,225.10000000,1.573
1749254911,1.48700000,130.00000000,1.573
1749254911,1.48600000,11.90000000,1.573
1749254911,1.48400000,219.00000000,1.573
1749254911,1.48300000,238.20000000,1.573
1749254911,1.48200000,36.60000000,1.573
1749254911,1.48100000,51.50000000,1.573
1749254911,1.48000000,5234.60000000,1.573
1749254911,1.47900000,369.70000000,1.573
1749254911,1.47800000,883.80000000,1.573
1749254911,1.47700000,81.70000000,1.573
1749254911,1.47600000,220.20000000,1.573
1749254911,1.47500000,1226.30000000,1.573
1749254911,1.47400000,125.10000000,1.573
1749254911,1.47300000,44.80000000,1.573
1749254911,1.47200000,140.00000000,1.573
