timestamp,price,volume,current_price
1749260763,1.58800000,1084.60000000,1.588
1749260763,1.58700000,11267.40000000,1.588
1749260763,1.58600000,17092.10000000,1.588
1749260763,1.58500000,21760.10000000,1.588
1749260763,1.58400000,13269.50000000,1.588
1749260763,1.58300000,5502.00000000,1.588
1749260763,1.58200000,9559.60000000,1.588
1749260763,1.58100000,9615.30000000,1.588
1749260763,1.58000000,12410.60000000,1.588
1749260763,1.57900000,3326.70000000,1.588
1749260763,1.57800000,14575.10000000,1.588
1749260763,1.57700000,3175.50000000,1.588
1749260763,1.57600000,4456.70000000,1.588
1749260763,1.57500000,3304.50000000,1.588
1749260763,1.57400000,3798.60000000,1.588
1749260763,1.57300000,9252.30000000,1.588
1749260763,1.57200000,4108.10000000,1.588
1749260763,1.57100000,1305.70000000,1.588
1749260763,1.57000000,1966.10000000,1.588
1749260763,1.56900000,4747.10000000,1.588
1749260763,1.56800000,2575.80000000,1.588
1749260763,1.56700000,1345.40000000,1.588
1749260763,1.56600000,1930.80000000,1.588
1749260763,1.56500000,6224.00000000,1.588
1749260763,1.56400000,2165.40000000,1.588
1749260763,1.56300000,6875.90000000,1.588
1749260763,1.56200000,9571.40000000,1.588
1749260763,1.56100000,1578.20000000,1.588
1749260763,1.56000000,1309.20000000,1.588
1749260763,1.55900000,7477.40000000,1.588
1749260763,1.55800000,524.70000000,1.588
1749260763,1.55700000,16.40000000,1.588
1749260763,1.55600000,512.60000000,1.588
1749260763,1.55500000,922.70000000,1.588
1749260763,1.55400000,1597.70000000,1.588
1749260763,1.55300000,2045.90000000,1.588
1749260763,1.55200000,526.10000000,1.588
1749260763,1.55100000,501.40000000,1.588
1749260763,1.55000000,3468.80000000,1.588
1749260763,1.54900000,6.40000000,1.588
1749260763,1.54800000,6.40000000,1.588
1749260763,1.54700000,75.10000000,1.588
1749260763,1.54600000,1094.30000000,1.588
1749260763,1.54500000,114.90000000,1.588
1749260763,1.54400000,139.00000000,1.588
1749260763,1.54300000,6.40000000,1.588
1749260763,1.54200000,12.80000000,1.588
1749260763,1.54100000,2041.40000000,1.588
1749260763,1.54000000,15.30000000,1.588
1749260763,1.53900000,41.30000000,1.588
1749260763,1.53800000,21.30000000,1.588
1749260763,1.53700000,43.00000000,1.588
1749260763,1.53600000,6.40000000,1.588
1749260763,1.53500000,4542.70000000,1.588
1749260763,1.53400000,321.10000000,1.588
1749260763,1.53300000,27.90000000,1.588
1749260763,1.53200000,94.10000000,1.588
1749260763,1.53100000,25.10000000,1.588
1749260763,1.53000000,102.60000000,1.588
1749260763,1.52900000,1058.00000000,1.588
1749260763,1.52800000,99.30000000,1.588
1749260763,1.52700000,6.40000000,1.588
1749260763,1.52600000,136.00000000,1.588
1749260763,1.52500000,239.20000000,1.588
1749260763,1.52400000,126.40000000,1.588
1749260763,1.52300000,124.40000000,1.588
1749260763,1.52200000,15.80000000,1.588
1749260763,1.52100000,6.40000000,1.588
1749260763,1.52000000,4005.30000000,1.588
1749260763,1.51900000,6.40000000,1.588
1749260763,1.51800000,42.90000000,1.588
1749260763,1.51700000,19.30000000,1.588
1749260763,1.51600000,63.40000000,1.588
1749260763,1.51500000,348.20000000,1.588
1749260763,1.51400000,12.70000000,1.588
1749260763,1.51300000,112.30000000,1.588
1749260763,1.51200000,6.70000000,1.588
1749260763,1.51000000,1633.70000000,1.588
1749260763,1.50800000,529.20000000,1.588
1749260763,1.50700000,98.40000000,1.588
1749260763,1.50600000,5.30000000,1.588
1749260763,1.50400000,137.40000000,1.588
1749260763,1.50300000,179.00000000,1.588
1749260763,1.50200000,13.40000000,1.588
1749260763,1.50100000,10335.60000000,1.588
1749260763,1.50000000,11073.00000000,1.588
1749260763,1.49900000,25.80000000,1.588
1749260763,1.49800000,25.50000000,1.588
1749260763,1.49700000,25.60000000,1.588
1749260763,1.49600000,19.10000000,1.588
1749260763,1.49500000,444.70000000,1.588
1749260763,1.49400000,93.50000000,1.588
1749260763,1.49300000,108.10000000,1.588
1749260763,1.49200000,262.90000000,1.588
1749260763,1.49100000,106.30000000,1.588
1749260763,1.49000000,213.10000000,1.588
1749260763,1.48900000,10.40000000,1.588
1749260763,1.48800000,225.10000000,1.588
1749260763,1.48700000,130.00000000,1.588
1749260763,1.48600000,11.90000000,1.588
1749261083,1.58900000,3412.50000000,1.589
1749261083,1.58800000,13795.90000000,1.589
1749261083,1.58700000,26734.30000000,1.589
1749261083,1.58600000,9188.10000000,1.589
1749261083,1.58500000,6490.30000000,1.589
1749261083,1.58400000,14605.40000000,1.589
1749261083,1.58300000,4663.90000000,1.589
1749261083,1.58200000,19125.30000000,1.589
1749261083,1.58100000,3807.00000000,1.589
1749261083,1.58000000,4064.00000000,1.589
1749261083,1.57900000,3598.30000000,1.589
1749261083,1.57800000,14924.10000000,1.589
1749261083,1.57700000,2955.40000000,1.589
1749261083,1.57600000,3610.20000000,1.589
1749261083,1.57500000,3146.60000000,1.589
1749261083,1.57400000,3798.60000000,1.589
1749261083,1.57300000,12706.80000000,1.589
1749261083,1.57200000,4114.40000000,1.589
1749261083,1.57100000,1387.60000000,1.589
1749261083,1.57000000,1966.10000000,1.589
1749261083,1.56900000,1283.80000000,1.589
1749261083,1.56800000,2569.50000000,1.589
1749261083,1.56700000,1339.60000000,1.589
1749261083,1.56600000,1930.80000000,1.589
1749261083,1.56500000,6417.90000000,1.589
1749261083,1.56400000,5703.60000000,1.589
1749261083,1.56300000,6799.50000000,1.589
1749261083,1.56200000,9571.40000000,1.589
1749261083,1.56100000,1578.20000000,1.589
1749261083,1.56000000,1147.80000000,1.589
1749261083,1.55900000,3991.80000000,1.589
1749261083,1.55800000,588.70000000,1.589
1749261083,1.55700000,51.70000000,1.589
1749261083,1.55600000,512.60000000,1.589
1749261083,1.55500000,871.30000000,1.589
1749261083,1.55400000,1597.70000000,1.589
1749261083,1.55300000,2540.90000000,1.589
1749261083,1.55200000,31.10000000,1.589
1749261083,1.55100000,6.40000000,1.589
1749261083,1.55000000,3468.80000000,1.589
1749261083,1.54900000,6.40000000,1.589
1749261083,1.54800000,70.80000000,1.589
1749261083,1.54700000,75.10000000,1.589
1749261083,1.54600000,1094.30000000,1.589
1749261083,1.54500000,114.90000000,1.589
1749261083,1.54400000,139.00000000,1.589
1749261083,1.54300000,6.40000000,1.589
1749261083,1.54200000,12.80000000,1.589
1749261083,1.54100000,2041.40000000,1.589
1749261083,1.54000000,15.30000000,1.589
1749261083,1.53900000,41.30000000,1.589
1749261083,1.53800000,21.30000000,1.589
1749261083,1.53700000,43.00000000,1.589
1749261083,1.53600000,6.40000000,1.589
1749261083,1.53500000,4542.70000000,1.589
1749261083,1.53400000,321.10000000,1.589
1749261083,1.53300000,27.90000000,1.589
1749261083,1.53200000,94.10000000,1.589
1749261083,1.53100000,25.10000000,1.589
1749261083,1.53000000,102.60000000,1.589
1749261083,1.52900000,1221.50000000,1.589
1749261083,1.52800000,99.30000000,1.589
1749261083,1.52700000,6.40000000,1.589
1749261083,1.52600000,136.00000000,1.589
1749261083,1.52500000,239.20000000,1.589
1749261083,1.52400000,126.40000000,1.589
1749261083,1.52300000,124.40000000,1.589
1749261083,1.52200000,15.80000000,1.589
1749261083,1.52100000,6.40000000,1.589
1749261083,1.52000000,4005.30000000,1.589
1749261083,1.51900000,6.40000000,1.589
1749261083,1.51800000,42.90000000,1.589
1749261083,1.51700000,19.30000000,1.589
1749261083,1.51600000,63.40000000,1.589
1749261083,1.51500000,348.20000000,1.589
1749261083,1.51400000,12.80000000,1.589
1749261083,1.51300000,105.90000000,1.589
1749261083,1.51200000,6.70000000,1.589
1749261083,1.51000000,1633.70000000,1.589
1749261083,1.50800000,529.20000000,1.589
1749261083,1.50700000,98.40000000,1.589
1749261083,1.50600000,5.30000000,1.589
1749261083,1.50400000,137.40000000,1.589
1749261083,1.50300000,179.00000000,1.589
1749261083,1.50200000,13.40000000,1.589
1749261083,1.50100000,10335.60000000,1.589
1749261083,1.50000000,11073.00000000,1.589
1749261083,1.49900000,25.80000000,1.589
1749261083,1.49800000,25.50000000,1.589
1749261083,1.49700000,25.60000000,1.589
1749261083,1.49600000,19.10000000,1.589
1749261083,1.49500000,444.70000000,1.589
1749261083,1.49400000,93.50000000,1.589
1749261083,1.49300000,108.10000000,1.589
1749261083,1.49200000,262.90000000,1.589
1749261083,1.49100000,106.30000000,1.589
1749261083,1.49000000,213.10000000,1.589
1749261083,1.48900000,10.40000000,1.589
1749261083,1.48800000,225.10000000,1.589
1749261083,1.48700000,130.00000000,1.589
1749261397,1.58900000,4646.80000000,1.59
1749261397,1.58800000,14914.90000000,1.59
1749261397,1.58700000,24125.50000000,1.59
1749261397,1.58600000,14376.00000000,1.59
1749261397,1.58500000,9277.50000000,1.59
1749261397,1.58400000,13062.60000000,1.59
1749261397,1.58300000,3813.60000000,1.59
1749261397,1.58200000,12507.10000000,1.59
1749261397,1.58100000,13972.00000000,1.59
1749261397,1.58000000,4092.10000000,1.59
1749261397,1.57900000,3598.30000000,1.59
1749261397,1.57800000,5032.50000000,1.59
1749261397,1.57700000,2955.40000000,1.59
1749261397,1.57600000,3610.20000000,1.59
1749261397,1.57500000,3146.60000000,1.59
1749261397,1.57400000,3798.60000000,1.59
1749261397,1.57300000,12706.80000000,1.59
1749261397,1.57200000,4114.40000000,1.59
1749261397,1.57100000,1387.60000000,1.59
1749261397,1.57000000,1966.10000000,1.59
1749261397,1.56900000,1283.80000000,1.59
1749261397,1.56800000,2569.50000000,1.59
1749261397,1.56700000,1339.60000000,1.59
1749261397,1.56600000,8400.00000000,1.59
1749261397,1.56500000,6287.70000000,1.59
1749261397,1.56400000,5639.80000000,1.59
1749261397,1.56300000,506.20000000,1.59
1749261397,1.56200000,9571.40000000,1.59
1749261397,1.56100000,1578.20000000,1.59
1749261397,1.56000000,1147.80000000,1.59
1749261397,1.55900000,3991.80000000,1.59
1749261397,1.55800000,588.70000000,1.59
1749261397,1.55700000,16.40000000,1.59
1749261397,1.55600000,547.90000000,1.59
1749261397,1.55500000,376.30000000,1.59
1749261397,1.55400000,1102.70000000,1.59
1749261397,1.55300000,2045.90000000,1.59
1749261397,1.55200000,31.10000000,1.59
1749261397,1.55100000,6.40000000,1.59
1749261397,1.55000000,3468.80000000,1.59
1749261397,1.54900000,6.40000000,1.59
1749261397,1.54800000,70.80000000,1.59
1749261397,1.54700000,75.10000000,1.59
1749261397,1.54600000,1094.30000000,1.59
1749261397,1.54500000,114.90000000,1.59
1749261397,1.54400000,139.00000000,1.59
1749261397,1.54300000,6.40000000,1.59
1749261397,1.54200000,12.80000000,1.59
1749261397,1.54100000,2041.40000000,1.59
1749261397,1.54000000,15.30000000,1.59
1749261397,1.53900000,34.80000000,1.59
1749261397,1.53800000,21.30000000,1.59
1749261397,1.53700000,43.00000000,1.59
1749261397,1.53600000,6.40000000,1.59
1749261397,1.53500000,4542.70000000,1.59
1749261397,1.53400000,321.10000000,1.59
1749261397,1.53300000,27.90000000,1.59
1749261397,1.53200000,94.10000000,1.59
1749261397,1.53100000,25.10000000,1.59
1749261397,1.53000000,102.60000000,1.59
1749261397,1.52900000,1058.00000000,1.59
1749261397,1.52800000,262.90000000,1.59
1749261397,1.52700000,6.40000000,1.59
1749261397,1.52600000,136.00000000,1.59
1749261397,1.52500000,239.20000000,1.59
1749261397,1.52400000,126.40000000,1.59
1749261397,1.52300000,124.40000000,1.59
1749261397,1.52200000,15.80000000,1.59
1749261397,1.52100000,6.40000000,1.59
1749261397,1.52000000,4005.30000000,1.59
1749261397,1.51900000,6.40000000,1.59
1749261397,1.51800000,42.90000000,1.59
1749261397,1.51700000,19.30000000,1.59
1749261397,1.51600000,63.40000000,1.59
1749261397,1.51500000,348.20000000,1.59
1749261397,1.51400000,12.70000000,1.59
1749261397,1.51300000,105.90000000,1.59
1749261397,1.51200000,6.70000000,1.59
1749261397,1.51000000,1633.70000000,1.59
1749261397,1.50800000,529.20000000,1.59
1749261397,1.50700000,98.40000000,1.59
1749261397,1.50600000,5.30000000,1.59
1749261397,1.50400000,137.40000000,1.59
1749261397,1.50300000,179.00000000,1.59
1749261397,1.50200000,13.40000000,1.59
1749261397,1.50100000,10335.60000000,1.59
1749261397,1.50000000,11073.00000000,1.59
1749261397,1.49900000,25.80000000,1.59
1749261397,1.49800000,25.50000000,1.59
1749261397,1.49700000,25.60000000,1.59
1749261397,1.49600000,19.10000000,1.59
1749261397,1.49500000,444.70000000,1.59
1749261397,1.49400000,93.50000000,1.59
1749261397,1.49300000,108.10000000,1.59
1749261397,1.49200000,262.90000000,1.59
1749261397,1.49100000,106.30000000,1.59
1749261397,1.49000000,213.10000000,1.59
1749261397,1.48900000,10.40000000,1.59
1749261397,1.48800000,225.10000000,1.59
1749261397,1.48700000,130.00000000,1.59
1749261709,1.58500000,11246.70000000,1.585
1749261709,1.58400000,12061.30000000,1.585
1749261709,1.58300000,19454.10000000,1.585
1749261709,1.58200000,15614.50000000,1.585
1749261709,1.58100000,4872.30000000,1.585
1749261709,1.58000000,18254.00000000,1.585
1749261709,1.57900000,3357.20000000,1.585
1749261709,1.57800000,14575.40000000,1.585
1749261709,1.57700000,3264.30000000,1.585
1749261709,1.57600000,4114.90000000,1.585
1749261709,1.57500000,3958.40000000,1.585
1749261709,1.57400000,3798.60000000,1.585
1749261709,1.57300000,9252.30000000,1.585
1749261709,1.57200000,4114.40000000,1.585
1749261709,1.57100000,1387.60000000,1.585
1749261709,1.57000000,1966.10000000,1.585
1749261709,1.56900000,4747.10000000,1.585
1749261709,1.56800000,2569.50000000,1.585
1749261709,1.56700000,1263.40000000,1.585
1749261709,1.56600000,1930.80000000,1.585
1749261709,1.56500000,6224.00000000,1.585
1749261709,1.56400000,2229.20000000,1.585
1749261709,1.56300000,6875.90000000,1.585
1749261709,1.56200000,9571.40000000,1.585
1749261709,1.56100000,1578.20000000,1.585
1749261709,1.56000000,4631.10000000,1.585
1749261709,1.55900000,3991.80000000,1.585
1749261709,1.55800000,588.70000000,1.585
1749261709,1.55700000,16.40000000,1.585
1749261709,1.55600000,547.90000000,1.585
1749261709,1.55500000,871.30000000,1.585
1749261709,1.55400000,1597.70000000,1.585
1749261709,1.55300000,2540.90000000,1.585
1749261709,1.55200000,31.10000000,1.585
1749261709,1.55100000,6.40000000,1.585
1749261709,1.55000000,3468.80000000,1.585
1749261709,1.54900000,6.40000000,1.585
1749261709,1.54800000,6.40000000,1.585
1749261709,1.54700000,75.10000000,1.585
1749261709,1.54600000,1094.30000000,1.585
1749261709,1.54500000,114.90000000,1.585
1749261709,1.54400000,139.00000000,1.585
1749261709,1.54300000,6.40000000,1.585
1749261709,1.54200000,12.80000000,1.585
1749261709,1.54100000,2041.40000000,1.585
1749261709,1.54000000,15.30000000,1.585
1749261709,1.53900000,34.80000000,1.585
1749261709,1.53800000,21.30000000,1.585
1749261709,1.53700000,43.00000000,1.585
1749261709,1.53600000,6.40000000,1.585
1749261709,1.53500000,4542.70000000,1.585
1749261709,1.53400000,321.10000000,1.585
1749261709,1.53300000,27.90000000,1.585
1749261709,1.53200000,94.10000000,1.585
1749261709,1.53100000,25.10000000,1.585
1749261709,1.53000000,102.60000000,1.585
1749261709,1.52900000,1058.00000000,1.585
1749261709,1.52800000,262.90000000,1.585
1749261709,1.52700000,6.40000000,1.585
1749261709,1.52600000,136.00000000,1.585
1749261709,1.52500000,239.20000000,1.585
1749261709,1.52400000,126.40000000,1.585
1749261709,1.52300000,124.40000000,1.585
1749261709,1.52200000,15.80000000,1.585
1749261709,1.52100000,6.40000000,1.585
1749261709,1.52000000,4005.30000000,1.585
1749261709,1.51900000,6.40000000,1.585
1749261709,1.51800000,42.90000000,1.585
1749261709,1.51700000,19.30000000,1.585
1749261709,1.51600000,63.40000000,1.585
1749261709,1.51500000,348.20000000,1.585
1749261709,1.51400000,12.70000000,1.585
1749261709,1.51300000,112.30000000,1.585
1749261709,1.51200000,13.10000000,1.585
1749261709,1.51100000,6.40000000,1.585
1749261709,1.51000000,1640.10000000,1.585
1749261709,1.50800000,529.20000000,1.585
1749261709,1.50700000,98.40000000,1.585
1749261709,1.50600000,5.30000000,1.585
1749261709,1.50400000,137.40000000,1.585
1749261709,1.50300000,179.00000000,1.585
1749261709,1.50200000,13.40000000,1.585
1749261709,1.50100000,10335.60000000,1.585
1749261709,1.50000000,11073.00000000,1.585
1749261709,1.49900000,25.80000000,1.585
1749261709,1.49800000,25.50000000,1.585
1749261709,1.49700000,25.60000000,1.585
1749261709,1.49600000,19.10000000,1.585
1749261709,1.49500000,444.70000000,1.585
1749261709,1.49400000,93.50000000,1.585
1749261709,1.49300000,108.10000000,1.585
1749261709,1.49200000,262.90000000,1.585
1749261709,1.49100000,106.30000000,1.585
1749261709,1.49000000,213.10000000,1.585
1749261709,1.48900000,10.40000000,1.585
1749261709,1.48800000,225.10000000,1.585
1749261709,1.48700000,130.00000000,1.585
1749261709,1.48600000,11.90000000,1.585
1749261709,1.48400000,219.00000000,1.585
1749261709,1.48300000,170.80000000,1.585
1749262011,1.58600000,1256.70000000,1.586
1749262011,1.58500000,10877.10000000,1.586
1749262011,1.58400000,14689.00000000,1.586
1749262011,1.58300000,22396.00000000,1.586
1749262011,1.58200000,20538.60000000,1.586
1749262011,1.58100000,3722.10000000,1.586
1749262011,1.58000000,22280.70000000,1.586
1749262011,1.57900000,3650.20000000,1.586
1749262011,1.57800000,14328.00000000,1.586
1749262011,1.57700000,3559.30000000,1.586
1749262011,1.57600000,3704.30000000,1.586
1749262011,1.57500000,4118.20000000,1.586
1749262011,1.57400000,4232.00000000,1.586
1749262011,1.57300000,10040.30000000,1.586
1749262011,1.57200000,4114.40000000,1.586
1749262011,1.57100000,1305.70000000,1.586
1749262011,1.57000000,1966.10000000,1.586
1749262011,1.56900000,4747.10000000,1.586
1749262011,1.56800000,2569.50000000,1.586
1749262011,1.56700000,1345.40000000,1.586
1749262011,1.56600000,1930.80000000,1.586
1749262011,1.56500000,6224.00000000,1.586
1749262011,1.56400000,2165.40000000,1.586
1749262011,1.56300000,506.20000000,1.586
1749262011,1.56200000,15941.20000000,1.586
1749262011,1.56100000,1578.20000000,1.586
1749262011,1.56000000,4615.20000000,1.586
1749262011,1.55900000,506.20000000,1.586
1749262011,1.55800000,524.70000000,1.586
1749262011,1.55700000,16.40000000,1.586
1749262011,1.55600000,512.60000000,1.586
1749262011,1.55500000,887.30000000,1.586
1749262011,1.55400000,1633.10000000,1.586
1749262011,1.55300000,2045.90000000,1.586
1749262011,1.55200000,31.10000000,1.586
1749262011,1.55100000,6.40000000,1.586
1749262011,1.55000000,3468.80000000,1.586
1749262011,1.54900000,6.40000000,1.586
1749262011,1.54800000,6.40000000,1.586
1749262011,1.54700000,75.10000000,1.586
1749262011,1.54600000,1094.30000000,1.586
1749262011,1.54500000,114.90000000,1.586
1749262011,1.54400000,139.00000000,1.586
1749262011,1.54300000,6.40000000,1.586
1749262011,1.54200000,12.80000000,1.586
1749262011,1.54100000,2041.40000000,1.586
1749262011,1.54000000,15.30000000,1.586
1749262011,1.53900000,34.80000000,1.586
1749262011,1.53800000,21.30000000,1.586
1749262011,1.53700000,43.00000000,1.586
1749262011,1.53600000,6.40000000,1.586
1749262011,1.53500000,4542.70000000,1.586
1749262011,1.53400000,321.10000000,1.586
1749262011,1.53300000,27.90000000,1.586
1749262011,1.53200000,94.10000000,1.586
1749262011,1.53100000,25.10000000,1.586
1749262011,1.53000000,102.60000000,1.586
1749262011,1.52900000,1058.00000000,1.586
1749262011,1.52800000,99.30000000,1.586
1749262011,1.52700000,6.40000000,1.586
1749262011,1.52600000,299.80000000,1.586
1749262011,1.52500000,239.20000000,1.586
1749262011,1.52400000,126.40000000,1.586
1749262011,1.52300000,124.40000000,1.586
1749262011,1.52200000,15.80000000,1.586
1749262011,1.52100000,6.40000000,1.586
1749262011,1.52000000,4005.30000000,1.586
1749262011,1.51900000,6.40000000,1.586
1749262011,1.51800000,42.90000000,1.586
1749262011,1.51700000,19.30000000,1.586
1749262011,1.51600000,63.40000000,1.586
1749262011,1.51500000,348.20000000,1.586
1749262011,1.51400000,12.70000000,1.586
1749262011,1.51300000,112.30000000,1.586
1749262011,1.51200000,13.10000000,1.586
1749262011,1.51100000,6.40000000,1.586
1749262011,1.51000000,1633.70000000,1.586
1749262011,1.50800000,529.20000000,1.586
1749262011,1.50700000,98.40000000,1.586
1749262011,1.50600000,5.30000000,1.586
1749262011,1.50400000,137.40000000,1.586
1749262011,1.50300000,179.00000000,1.586
1749262011,1.50200000,13.40000000,1.586
1749262011,1.50100000,10335.60000000,1.586
1749262011,1.50000000,11073.00000000,1.586
1749262011,1.49900000,25.80000000,1.586
1749262011,1.49800000,25.50000000,1.586
1749262011,1.49700000,25.60000000,1.586
1749262011,1.49600000,19.10000000,1.586
1749262011,1.49500000,444.70000000,1.586
1749262011,1.49400000,93.50000000,1.586
1749262011,1.49300000,108.10000000,1.586
1749262011,1.49200000,262.90000000,1.586
1749262011,1.49100000,106.30000000,1.586
1749262011,1.49000000,213.10000000,1.586
1749262011,1.48900000,10.40000000,1.586
1749262011,1.48800000,225.10000000,1.586
1749262011,1.48700000,130.00000000,1.586
1749262011,1.48600000,11.90000000,1.586
1749262011,1.48400000,219.00000000,1.586
1749262313,1.58800000,3124.50000000,1.588
1749262313,1.58700000,11632.50000000,1.588
1749262313,1.58600000,18595.90000000,1.588
1749262313,1.58500000,13181.00000000,1.588
1749262313,1.58400000,11464.60000000,1.588
1749262313,1.58300000,5228.80000000,1.588
1749262313,1.58200000,16104.30000000,1.588
1749262313,1.58100000,4146.60000000,1.588
1749262313,1.58000000,10754.00000000,1.588
1749262313,1.57900000,3357.20000000,1.588
1749262313,1.57800000,22582.10000000,1.588
1749262313,1.57700000,3801.10000000,1.588
1749262313,1.57600000,3610.20000000,1.588
1749262313,1.57500000,3141.90000000,1.588
1749262313,1.57400000,3798.60000000,1.588
1749262313,1.57300000,9252.30000000,1.588
1749262313,1.57200000,4114.40000000,1.588
1749262313,1.57100000,1387.60000000,1.588
1749262313,1.57000000,1966.10000000,1.588
1749262313,1.56900000,4747.10000000,1.588
1749262313,1.56800000,2569.50000000,1.588
1749262313,1.56700000,1263.40000000,1.588
1749262313,1.56600000,1930.80000000,1.588
1749262313,1.56500000,6224.00000000,1.588
1749262313,1.56400000,2165.40000000,1.588
1749262313,1.56300000,6799.50000000,1.588
1749262313,1.56200000,9647.90000000,1.588
1749262313,1.56100000,1578.20000000,1.588
1749262313,1.56000000,4615.20000000,1.588
1749262313,1.55900000,506.20000000,1.588
1749262313,1.55800000,524.70000000,1.588
1749262313,1.55700000,3506.40000000,1.588
1749262313,1.55600000,547.90000000,1.588
1749262313,1.55500000,887.30000000,1.588
1749262313,1.55400000,1102.70000000,1.588
1749262313,1.55300000,2045.90000000,1.588
1749262313,1.55200000,31.10000000,1.588
1749262313,1.55100000,6.40000000,1.588
1749262313,1.55000000,3468.80000000,1.588
1749262313,1.54900000,6.40000000,1.588
1749262313,1.54800000,6.40000000,1.588
1749262313,1.54700000,75.10000000,1.588
1749262313,1.54600000,1094.30000000,1.588
1749262313,1.54500000,114.90000000,1.588
1749262313,1.54400000,139.00000000,1.588
1749262313,1.54300000,6.40000000,1.588
1749262313,1.54200000,12.80000000,1.588
1749262313,1.54100000,2041.40000000,1.588
1749262313,1.54000000,15.30000000,1.588
1749262313,1.53900000,34.80000000,1.588
1749262313,1.53800000,21.30000000,1.588
1749262313,1.53700000,43.00000000,1.588
1749262313,1.53600000,6.40000000,1.588
1749262313,1.53500000,4542.70000000,1.588
1749262313,1.53400000,321.10000000,1.588
1749262313,1.53300000,27.90000000,1.588
1749262313,1.53200000,94.10000000,1.588
1749262313,1.53100000,25.10000000,1.588
1749262313,1.53000000,102.60000000,1.588
1749262313,1.52900000,1058.00000000,1.588
1749262313,1.52800000,99.30000000,1.588
1749262313,1.52700000,170.10000000,1.588
1749262313,1.52600000,136.00000000,1.588
1749262313,1.52500000,239.20000000,1.588
1749262313,1.52400000,126.40000000,1.588
1749262313,1.52300000,124.40000000,1.588
1749262313,1.52200000,15.80000000,1.588
1749262313,1.52100000,6.40000000,1.588
1749262313,1.52000000,4005.30000000,1.588
1749262313,1.51900000,6.40000000,1.588
1749262313,1.51800000,42.90000000,1.588
1749262313,1.51700000,19.30000000,1.588
1749262313,1.51600000,63.40000000,1.588
1749262313,1.51500000,348.20000000,1.588
1749262313,1.51400000,12.70000000,1.588
1749262313,1.51300000,112.30000000,1.588
1749262313,1.51200000,6.70000000,1.588
1749262313,1.51000000,1633.70000000,1.588
1749262313,1.50800000,529.20000000,1.588
1749262313,1.50700000,98.40000000,1.588
1749262313,1.50600000,5.30000000,1.588
1749262313,1.50400000,137.40000000,1.588
1749262313,1.50300000,179.00000000,1.588
1749262313,1.50200000,13.40000000,1.588
1749262313,1.50100000,10335.60000000,1.588
1749262313,1.50000000,11073.00000000,1.588
1749262313,1.49900000,25.80000000,1.588
1749262313,1.49800000,25.50000000,1.588
1749262313,1.49700000,25.60000000,1.588
1749262313,1.49600000,19.10000000,1.588
1749262313,1.49500000,444.70000000,1.588
1749262313,1.49400000,93.50000000,1.588
1749262313,1.49300000,108.10000000,1.588
1749262313,1.49200000,262.90000000,1.588
1749262313,1.49100000,106.30000000,1.588
1749262313,1.49000000,213.10000000,1.588
1749262313,1.48900000,10.40000000,1.588
1749262313,1.48800000,225.10000000,1.588
1749262313,1.48700000,130.00000000,1.588
1749262313,1.48600000,11.90000000,1.588
1749262614,1.59000000,8135.10000000,1.59
1749262614,1.58900000,16807.50000000,1.59
1749262614,1.58800000,15998.70000000,1.59
1749262614,1.58700000,8277.60000000,1.59
1749262614,1.58600000,17513.80000000,1.59
1749262614,1.58500000,3811.10000000,1.59
1749262614,1.58400000,11066.90000000,1.59
1749262614,1.58300000,4598.00000000,1.59
1749262614,1.58200000,10869.50000000,1.59
1749262614,1.58100000,4003.20000000,1.59
1749262614,1.58000000,11745.20000000,1.59
1749262614,1.57900000,3733.00000000,1.59
1749262614,1.57800000,14481.60000000,1.59
1749262614,1.57700000,2955.40000000,1.59
1749262614,1.57600000,3610.20000000,1.59
1749262614,1.57500000,3141.90000000,1.59
1749262614,1.57400000,3798.60000000,1.59
1749262614,1.57300000,12706.80000000,1.59
1749262614,1.57200000,4114.40000000,1.59
1749262614,1.57100000,1387.60000000,1.59
1749262614,1.57000000,1966.10000000,1.59
1749262614,1.56900000,1283.80000000,1.59
1749262614,1.56800000,2569.50000000,1.59
1749262614,1.56700000,1263.40000000,1.59
1749262614,1.56600000,2007.10000000,1.59
1749262614,1.56500000,6224.00000000,1.59
1749262614,1.56400000,5639.80000000,1.59
1749262614,1.56300000,6799.50000000,1.59
1749262614,1.56200000,9571.40000000,1.59
1749262614,1.56100000,5059.30000000,1.59
1749262614,1.56000000,1131.90000000,1.59
1749262614,1.55900000,506.20000000,1.59
1749262614,1.55800000,560.00000000,1.59
1749262614,1.55700000,16.40000000,1.59
1749262614,1.55600000,17.60000000,1.59
1749262614,1.55500000,376.30000000,1.59
1749262614,1.55400000,1102.70000000,1.59
1749262614,1.55300000,2045.90000000,1.59
1749262614,1.55200000,31.10000000,1.59
1749262614,1.55100000,6.40000000,1.59
1749262614,1.55000000,3468.80000000,1.59
1749262614,1.54900000,6.40000000,1.59
1749262614,1.54800000,6.40000000,1.59
1749262614,1.54700000,75.10000000,1.59
1749262614,1.54600000,1094.30000000,1.59
1749262614,1.54500000,114.90000000,1.59
1749262614,1.54400000,139.00000000,1.59
1749262614,1.54300000,6.40000000,1.59
1749262614,1.54200000,12.80000000,1.59
1749262614,1.54100000,2041.40000000,1.59
1749262614,1.54000000,15.30000000,1.59
1749262614,1.53900000,34.80000000,1.59
1749262614,1.53800000,21.30000000,1.59
1749262614,1.53700000,43.00000000,1.59
1749262614,1.53600000,6.40000000,1.59
1749262614,1.53500000,4542.70000000,1.59
1749262614,1.53400000,321.10000000,1.59
1749262614,1.53300000,27.90000000,1.59
1749262614,1.53200000,94.10000000,1.59
1749262614,1.53100000,25.10000000,1.59
1749262614,1.53000000,102.60000000,1.59
1749262614,1.52900000,1221.50000000,1.59
1749262614,1.52800000,99.30000000,1.59
1749262614,1.52700000,6.40000000,1.59
1749262614,1.52600000,136.00000000,1.59
1749262614,1.52500000,239.20000000,1.59
1749262614,1.52400000,126.40000000,1.59
1749262614,1.52300000,124.40000000,1.59
1749262614,1.52200000,15.80000000,1.59
1749262614,1.52100000,6.40000000,1.59
1749262614,1.52000000,4005.30000000,1.59
1749262614,1.51900000,6.40000000,1.59
1749262614,1.51800000,42.90000000,1.59
1749262614,1.51700000,19.30000000,1.59
1749262614,1.51600000,63.40000000,1.59
1749262614,1.51500000,348.20000000,1.59
1749262614,1.51400000,6.40000000,1.59
1749262614,1.51300000,105.90000000,1.59
1749262614,1.51200000,6.70000000,1.59
1749262614,1.51000000,1633.70000000,1.59
1749262614,1.50900000,13.40000000,1.59
1749262614,1.50800000,529.20000000,1.59
1749262614,1.50700000,98.40000000,1.59
1749262614,1.50600000,5.30000000,1.59
1749262614,1.50400000,137.40000000,1.59
1749262614,1.50300000,179.00000000,1.59
1749262614,1.50200000,13.40000000,1.59
1749262614,1.50100000,10328.90000000,1.59
1749262614,1.50000000,11073.00000000,1.59
1749262614,1.49900000,19.10000000,1.59
1749262614,1.49800000,25.50000000,1.59
1749262614,1.49700000,25.60000000,1.59
1749262614,1.49600000,19.10000000,1.59
1749262614,1.49500000,444.70000000,1.59
1749262614,1.49400000,93.50000000,1.59
1749262614,1.49300000,108.10000000,1.59
1749262614,1.49200000,262.90000000,1.59
1749262614,1.49100000,106.30000000,1.59
1749262614,1.49000000,213.10000000,1.59
1749262614,1.48900000,10.40000000,1.59
1749262916,1.58900000,3674.80000000,1.589
1749262916,1.58800000,15427.40000000,1.589
1749262916,1.58700000,17725.00000000,1.589
1749262916,1.58600000,20485.20000000,1.589
1749262916,1.58500000,8639.70000000,1.589
1749262916,1.58400000,12880.30000000,1.589
1749262916,1.58300000,12475.30000000,1.589
1749262916,1.58200000,4980.30000000,1.589
1749262916,1.58100000,13640.80000000,1.589
1749262916,1.58000000,3984.90000000,1.589
1749262916,1.57900000,4404.50000000,1.589
1749262916,1.57800000,4590.00000000,1.589
1749262916,1.57700000,2955.40000000,1.589
1749262916,1.57600000,11824.10000000,1.589
1749262916,1.57500000,3141.90000000,1.589
1749262916,1.57400000,3798.60000000,1.589
1749262916,1.57300000,4710.90000000,1.589
1749262916,1.57200000,4114.40000000,1.589
1749262916,1.57100000,1387.60000000,1.589
1749262916,1.57000000,2060.60000000,1.589
1749262916,1.56900000,1283.80000000,1.589
1749262916,1.56800000,7618.10000000,1.589
1749262916,1.56700000,1585.10000000,1.589
1749262916,1.56600000,2007.10000000,1.589
1749262916,1.56500000,1295.50000000,1.589
1749262916,1.56400000,5544.90000000,1.589
1749262916,1.56300000,6799.50000000,1.589
1749262916,1.56200000,9571.40000000,1.589
1749262916,1.56100000,5059.30000000,1.589
1749262916,1.56000000,1131.90000000,1.589
1749262916,1.55900000,506.20000000,1.589
1749262916,1.55800000,65.00000000,1.589
1749262916,1.55700000,511.40000000,1.589
1749262916,1.55600000,1983.80000000,1.589
1749262916,1.55500000,376.30000000,1.589
1749262916,1.55400000,1102.70000000,1.589
1749262916,1.55300000,81.10000000,1.589
1749262916,1.55200000,31.10000000,1.589
1749262916,1.55100000,6.40000000,1.589
1749262916,1.55000000,3468.80000000,1.589
1749262916,1.54900000,6.40000000,1.589
1749262916,1.54800000,6.40000000,1.589
1749262916,1.54700000,75.10000000,1.589
1749262916,1.54600000,1094.30000000,1.589
1749262916,1.54500000,114.90000000,1.589
1749262916,1.54400000,2096.00000000,1.589
1749262916,1.54300000,6.40000000,1.589
1749262916,1.54200000,12.80000000,1.589
1749262916,1.54100000,61.00000000,1.589
1749262916,1.54000000,15.30000000,1.589
1749262916,1.53900000,34.80000000,1.589
1749262916,1.53800000,21.30000000,1.589
1749262916,1.53700000,43.00000000,1.589
1749262916,1.53600000,6.40000000,1.589
1749262916,1.53500000,4542.70000000,1.589
1749262916,1.53400000,321.10000000,1.589
1749262916,1.53300000,27.90000000,1.589
1749262916,1.53200000,1091.50000000,1.589
1749262916,1.53100000,25.10000000,1.589
1749262916,1.53000000,102.60000000,1.589
1749262916,1.52900000,213.80000000,1.589
1749262916,1.52800000,99.30000000,1.589
1749262916,1.52700000,6.40000000,1.589
1749262916,1.52600000,136.00000000,1.589
1749262916,1.52500000,239.20000000,1.589
1749262916,1.52400000,126.40000000,1.589
1749262916,1.52300000,124.40000000,1.589
1749262916,1.52200000,15.80000000,1.589
1749262916,1.52100000,6.40000000,1.589
1749262916,1.52000000,4005.30000000,1.589
1749262916,1.51900000,6.40000000,1.589
1749262916,1.51800000,42.90000000,1.589
1749262916,1.51700000,19.30000000,1.589
1749262916,1.51600000,63.40000000,1.589
1749262916,1.51500000,348.20000000,1.589
1749262916,1.51400000,12.70000000,1.589
1749262916,1.51300000,105.90000000,1.589
1749262916,1.51200000,6.70000000,1.589
1749262916,1.51000000,1633.70000000,1.589
1749262916,1.50900000,13.40000000,1.589
1749262916,1.50800000,529.20000000,1.589
1749262916,1.50700000,98.40000000,1.589
1749262916,1.50600000,5.30000000,1.589
1749262916,1.50400000,137.40000000,1.589
1749262916,1.50300000,179.00000000,1.589
1749262916,1.50200000,13.40000000,1.589
1749262916,1.50100000,10328.90000000,1.589
1749262916,1.50000000,11073.00000000,1.589
1749262916,1.49900000,19.10000000,1.589
1749262916,1.49800000,25.50000000,1.589
1749262916,1.49700000,25.60000000,1.589
1749262916,1.49600000,19.10000000,1.589
1749262916,1.49500000,444.70000000,1.589
1749262916,1.49400000,93.50000000,1.589
1749262916,1.49300000,108.10000000,1.589
1749262916,1.49200000,262.90000000,1.589
1749262916,1.49100000,106.30000000,1.589
1749262916,1.49000000,213.10000000,1.589
1749262916,1.48900000,10.40000000,1.589
1749262916,1.48800000,225.10000000,1.589
1749263218,1.58900000,5071.00000000,1.589
1749263218,1.58800000,19368.80000000,1.589
1749263218,1.58700000,18361.70000000,1.589
1749263218,1.58600000,11451.60000000,1.589
1749263218,1.58500000,13052.30000000,1.589
1749263218,1.58400000,12565.90000000,1.589
1749263218,1.58300000,12610.30000000,1.589
1749263218,1.58200000,4746.80000000,1.589
1749263218,1.58100000,13640.80000000,1.589
1749263218,1.58000000,4229.90000000,1.589
1749263218,1.57900000,3795.80000000,1.589
1749263218,1.57800000,4590.00000000,1.589
1749263218,1.57700000,3674.20000000,1.589
1749263218,1.57600000,11824.10000000,1.589
1749263218,1.57500000,3141.90000000,1.589
1749263218,1.57400000,3798.60000000,1.589
1749263218,1.57300000,5026.70000000,1.589
1749263218,1.57200000,4557.20000000,1.589
1749263218,1.57100000,1387.60000000,1.589
1749263218,1.57000000,2060.60000000,1.589
1749263218,1.56900000,1283.80000000,1.589
1749263218,1.56800000,8059.70000000,1.589
1749263218,1.56700000,1585.10000000,1.589
1749263218,1.56600000,2195.20000000,1.589
1749263218,1.56500000,1295.50000000,1.589
1749263218,1.56400000,5544.90000000,1.589
1749263218,1.56300000,6799.50000000,1.589
1749263218,1.56200000,9571.40000000,1.589
1749263218,1.56100000,5059.30000000,1.589
1749263218,1.56000000,1131.90000000,1.589
1749263218,1.55900000,506.20000000,1.589
1749263218,1.55800000,65.00000000,1.589
1749263218,1.55700000,511.40000000,1.589
1749263218,1.55600000,1983.80000000,1.589
1749263218,1.55500000,376.30000000,1.589
1749263218,1.55400000,1102.70000000,1.589
1749263218,1.55300000,81.10000000,1.589
1749263218,1.55200000,31.10000000,1.589
1749263218,1.55100000,6.40000000,1.589
1749263218,1.55000000,3468.80000000,1.589
1749263218,1.54900000,6.40000000,1.589
1749263218,1.54800000,6.40000000,1.589
1749263218,1.54700000,75.10000000,1.589
1749263218,1.54600000,1094.30000000,1.589
1749263218,1.54500000,114.90000000,1.589
1749263218,1.54400000,2096.00000000,1.589
1749263218,1.54300000,6.40000000,1.589
1749263218,1.54200000,12.80000000,1.589
1749263218,1.54100000,61.00000000,1.589
1749263218,1.54000000,15.30000000,1.589
1749263218,1.53900000,34.80000000,1.589
1749263218,1.53800000,21.30000000,1.589
1749263218,1.53700000,43.00000000,1.589
1749263218,1.53600000,6.40000000,1.589
1749263218,1.53500000,4542.70000000,1.589
1749263218,1.53400000,321.10000000,1.589
1749263218,1.53300000,27.90000000,1.589
1749263218,1.53200000,1091.50000000,1.589
1749263218,1.53100000,25.10000000,1.589
1749263218,1.53000000,102.60000000,1.589
1749263218,1.52900000,213.80000000,1.589
1749263218,1.52800000,99.30000000,1.589
1749263218,1.52700000,6.40000000,1.589
1749263218,1.52600000,136.00000000,1.589
1749263218,1.52500000,239.20000000,1.589
1749263218,1.52400000,126.40000000,1.589
1749263218,1.52300000,124.40000000,1.589
1749263218,1.52200000,15.80000000,1.589
1749263218,1.52100000,6.40000000,1.589
1749263218,1.52000000,4005.30000000,1.589
1749263218,1.51900000,6.40000000,1.589
1749263218,1.51800000,42.90000000,1.589
1749263218,1.51700000,19.30000000,1.589
1749263218,1.51600000,63.40000000,1.589
1749263218,1.51500000,348.20000000,1.589
1749263218,1.51400000,12.70000000,1.589
1749263218,1.51300000,105.90000000,1.589
1749263218,1.51200000,6.70000000,1.589
1749263218,1.51000000,1633.70000000,1.589
1749263218,1.50900000,13.40000000,1.589
1749263218,1.50800000,529.20000000,1.589
1749263218,1.50700000,98.40000000,1.589
1749263218,1.50600000,5.30000000,1.589
1749263218,1.50400000,137.40000000,1.589
1749263218,1.50300000,179.00000000,1.589
1749263218,1.50200000,13.40000000,1.589
1749263218,1.50100000,10328.90000000,1.589
1749263218,1.50000000,11073.00000000,1.589
1749263218,1.49900000,19.10000000,1.589
1749263218,1.49800000,25.50000000,1.589
1749263218,1.49700000,25.60000000,1.589
1749263218,1.49600000,19.10000000,1.589
1749263218,1.49500000,444.70000000,1.589
1749263218,1.49400000,93.50000000,1.589
1749263218,1.49300000,108.10000000,1.589
1749263218,1.49200000,262.90000000,1.589
1749263218,1.49100000,106.30000000,1.589
1749263218,1.49000000,213.10000000,1.589
1749263218,1.48900000,10.40000000,1.589
1749263218,1.48800000,225.10000000,1.589
1749263520,1.58900000,8736.30000000,1.59
1749263520,1.58800000,13980.60000000,1.59
1749263520,1.58700000,23649.20000000,1.59
1749263520,1.58600000,14307.50000000,1.59
1749263520,1.58500000,4817.90000000,1.59
1749263520,1.58400000,13087.10000000,1.59
1749263520,1.58300000,12501.00000000,1.59
1749263520,1.58200000,4890.50000000,1.59
1749263520,1.58100000,13377.30000000,1.59
1749263520,1.58000000,4318.30000000,1.59
1749263520,1.57900000,3802.50000000,1.59
1749263520,1.57800000,4590.00000000,1.59
1749263520,1.57700000,2955.40000000,1.59
1749263520,1.57600000,11824.10000000,1.59
1749263520,1.57500000,3141.90000000,1.59
1749263520,1.57400000,3798.60000000,1.59
1749263520,1.57300000,5026.70000000,1.59
1749263520,1.57200000,4114.40000000,1.59
1749263520,1.57100000,1387.60000000,1.59
1749263520,1.57000000,2060.60000000,1.59
1749263520,1.56900000,1283.80000000,1.59
1749263520,1.56800000,8059.70000000,1.59
1749263520,1.56700000,1585.10000000,1.59
1749263520,1.56600000,2195.20000000,1.59
1749263520,1.56500000,1295.50000000,1.59
1749263520,1.56400000,5544.90000000,1.59
1749263520,1.56300000,6799.50000000,1.59
1749263520,1.56200000,9571.40000000,1.59
1749263520,1.56100000,5059.30000000,1.59
1749263520,1.56000000,1131.90000000,1.59
1749263520,1.55900000,11.20000000,1.59
1749263520,1.55800000,65.00000000,1.59
1749263520,1.55700000,511.40000000,1.59
1749263520,1.55600000,1983.80000000,1.59
1749263520,1.55500000,376.30000000,1.59
1749263520,1.55400000,1102.70000000,1.59
1749263520,1.55300000,81.10000000,1.59
1749263520,1.55200000,31.10000000,1.59
1749263520,1.55100000,6.40000000,1.59
1749263520,1.55000000,3468.80000000,1.59
1749263520,1.54900000,6.40000000,1.59
1749263520,1.54800000,6.40000000,1.59
1749263520,1.54700000,75.10000000,1.59
1749263520,1.54600000,1094.30000000,1.59
1749263520,1.54500000,114.90000000,1.59
1749263520,1.54400000,2096.00000000,1.59
1749263520,1.54300000,6.40000000,1.59
1749263520,1.54200000,12.80000000,1.59
1749263520,1.54100000,61.00000000,1.59
1749263520,1.54000000,15.30000000,1.59
1749263520,1.53900000,34.80000000,1.59
1749263520,1.53800000,21.30000000,1.59
1749263520,1.53700000,43.00000000,1.59
1749263520,1.53600000,6.40000000,1.59
1749263520,1.53500000,4542.70000000,1.59
1749263520,1.53400000,321.10000000,1.59
1749263520,1.53300000,27.90000000,1.59
1749263520,1.53200000,1091.50000000,1.59
1749263520,1.53100000,25.10000000,1.59
1749263520,1.53000000,102.60000000,1.59
1749263520,1.52900000,213.80000000,1.59
1749263520,1.52800000,99.30000000,1.59
1749263520,1.52700000,6.40000000,1.59
1749263520,1.52600000,136.00000000,1.59
1749263520,1.52500000,239.20000000,1.59
1749263520,1.52400000,126.40000000,1.59
1749263520,1.52300000,124.40000000,1.59
1749263520,1.52200000,15.80000000,1.59
1749263520,1.52100000,6.40000000,1.59
1749263520,1.52000000,4005.30000000,1.59
1749263520,1.51900000,6.40000000,1.59
1749263520,1.51800000,42.90000000,1.59
1749263520,1.51700000,19.30000000,1.59
1749263520,1.51600000,63.50000000,1.59
1749263520,1.51500000,348.20000000,1.59
1749263520,1.51400000,12.80000000,1.59
1749263520,1.51300000,99.20000000,1.59
1749263520,1.51200000,6.70000000,1.59
1749263520,1.51000000,1653.80000000,1.59
1749263520,1.50900000,13.40000000,1.59
1749263520,1.50800000,529.20000000,1.59
1749263520,1.50700000,98.40000000,1.59
1749263520,1.50600000,5.30000000,1.59
1749263520,1.50400000,137.40000000,1.59
1749263520,1.50300000,179.00000000,1.59
1749263520,1.50100000,10328.90000000,1.59
1749263520,1.50000000,11073.00000000,1.59
1749263520,1.49900000,19.10000000,1.59
1749263520,1.49800000,25.50000000,1.59
1749263520,1.49700000,25.60000000,1.59
1749263520,1.49600000,19.10000000,1.59
1749263520,1.49500000,444.70000000,1.59
1749263520,1.49400000,93.50000000,1.59
1749263520,1.49300000,108.10000000,1.59
1749263520,1.49200000,262.90000000,1.59
1749263520,1.49100000,106.30000000,1.59
1749263520,1.49000000,213.10000000,1.59
1749263520,1.48900000,10.40000000,1.59
1749263520,1.48800000,225.10000000,1.59
1749263520,1.48700000,130.00000000,1.59
1749263826,1.59100000,6479.80000000,1.591
1749263826,1.59000000,16177.80000000,1.591
1749263826,1.58900000,23819.60000000,1.591
1749263826,1.58800000,11988.50000000,1.591
1749263826,1.58700000,7916.60000000,1.591
1749263826,1.58600000,14771.70000000,1.591
1749263826,1.58500000,3920.80000000,1.591
1749263826,1.58400000,11913.30000000,1.591
1749263826,1.58300000,12083.70000000,1.591
1749263826,1.58200000,5295.30000000,1.591
1749263826,1.58100000,13377.30000000,1.591
1749263826,1.58000000,4318.30000000,1.591
1749263826,1.57900000,3739.70000000,1.591
1749263826,1.57800000,3804.50000000,1.591
1749263826,1.57700000,2955.40000000,1.591
1749263826,1.57600000,11824.10000000,1.591
1749263826,1.57500000,3141.90000000,1.591
1749263826,1.57400000,3798.60000000,1.591
1749263826,1.57300000,5469.20000000,1.591
1749263826,1.57200000,4196.20000000,1.591
1749263826,1.57100000,1305.70000000,1.591
1749263826,1.57000000,2060.60000000,1.591
1749263826,1.56900000,8018.40000000,1.591
1749263826,1.56800000,7618.10000000,1.591
1749263826,1.56700000,1585.10000000,1.591
1749263826,1.56600000,2195.20000000,1.591
1749263826,1.56500000,1295.50000000,1.591
1749263826,1.56400000,5544.90000000,1.591
1749263826,1.56300000,506.20000000,1.591
1749263826,1.56200000,9571.40000000,1.591
1749263826,1.56100000,5059.30000000,1.591
1749263826,1.56000000,1131.90000000,1.591
1749263826,1.55900000,11.20000000,1.591
1749263826,1.55800000,65.00000000,1.591
1749263826,1.55700000,16.40000000,1.591
1749263826,1.55600000,1983.80000000,1.591
1749263826,1.55500000,376.30000000,1.591
1749263826,1.55400000,1102.70000000,1.591
1749263826,1.55300000,81.10000000,1.591
1749263826,1.55200000,31.10000000,1.591
1749263826,1.55100000,6.40000000,1.591
1749263826,1.55000000,3468.80000000,1.591
1749263826,1.54900000,6.40000000,1.591
1749263826,1.54800000,6.40000000,1.591
1749263826,1.54700000,75.10000000,1.591
1749263826,1.54600000,1094.30000000,1.591
1749263826,1.54500000,114.90000000,1.591
1749263826,1.54400000,2096.00000000,1.591
1749263826,1.54300000,6.40000000,1.591
1749263826,1.54200000,12.80000000,1.591
1749263826,1.54100000,61.00000000,1.591
1749263826,1.54000000,15.30000000,1.591
1749263826,1.53900000,34.80000000,1.591
1749263826,1.53800000,21.30000000,1.591
1749263826,1.53700000,43.00000000,1.591
1749263826,1.53600000,6.40000000,1.591
1749263826,1.53500000,4542.70000000,1.591
1749263826,1.53400000,321.10000000,1.591
1749263826,1.53300000,27.90000000,1.591
1749263826,1.53200000,1091.50000000,1.591
1749263826,1.53100000,25.10000000,1.591
1749263826,1.53000000,102.60000000,1.591
1749263826,1.52900000,213.80000000,1.591
1749263826,1.52800000,99.30000000,1.591
1749263826,1.52700000,6.40000000,1.591
1749263826,1.52600000,136.00000000,1.591
1749263826,1.52500000,239.20000000,1.591
1749263826,1.52400000,126.40000000,1.591
1749263826,1.52300000,124.40000000,1.591
1749263826,1.52200000,15.80000000,1.591
1749263826,1.52100000,6.40000000,1.591
1749263826,1.52000000,4005.30000000,1.591
1749263826,1.51900000,6.40000000,1.591
1749263826,1.51800000,42.90000000,1.591
1749263826,1.51700000,19.30000000,1.591
1749263826,1.51600000,63.50000000,1.591
1749263826,1.51500000,341.90000000,1.591
1749263826,1.51400000,6.40000000,1.591
1749263826,1.51300000,99.20000000,1.591
1749263826,1.51200000,6.70000000,1.591
1749263826,1.51000000,1653.80000000,1.591
1749263826,1.50900000,13.40000000,1.591
1749263826,1.50800000,529.20000000,1.591
1749263826,1.50700000,98.40000000,1.591
1749263826,1.50600000,5.30000000,1.591
1749263826,1.50400000,137.40000000,1.591
1749263826,1.50300000,179.00000000,1.591
1749263826,1.50100000,10328.90000000,1.591
1749263826,1.50000000,11073.00000000,1.591
1749263826,1.49900000,19.10000000,1.591
1749263826,1.49800000,25.50000000,1.591
1749263826,1.49700000,25.60000000,1.591
1749263826,1.49600000,19.10000000,1.591
1749263826,1.49500000,444.70000000,1.591
1749263826,1.49400000,93.50000000,1.591
1749263826,1.49300000,108.10000000,1.591
1749263826,1.49200000,262.90000000,1.591
1749263826,1.49100000,106.30000000,1.591
1749263826,1.49000000,213.10000000,1.591
1749263826,1.48900000,10.40000000,1.591
1749264128,1.58900000,4509.10000000,1.59
1749264128,1.58800000,20660.10000000,1.59
1749264128,1.58700000,20089.70000000,1.59
1749264128,1.58600000,17539.10000000,1.59
1749264128,1.58500000,4817.80000000,1.59
1749264128,1.58400000,13213.50000000,1.59
1749264128,1.58300000,12736.50000000,1.59
1749264128,1.58200000,5347.60000000,1.59
1749264128,1.58100000,13187.70000000,1.59
1749264128,1.58000000,4164.40000000,1.59
1749264128,1.57900000,3642.80000000,1.59
1749264128,1.57800000,4463.50000000,1.59
1749264128,1.57700000,2955.40000000,1.59
1749264128,1.57600000,11830.30000000,1.59
1749264128,1.57500000,3899.20000000,1.59
1749264128,1.57400000,3798.60000000,1.59
1749264128,1.57300000,4710.90000000,1.59
1749264128,1.57200000,4199.30000000,1.59
1749264128,1.57100000,1305.70000000,1.59
1749264128,1.57000000,2501.70000000,1.59
1749264128,1.56900000,2076.70000000,1.59
1749264128,1.56800000,7939.60000000,1.59
1749264128,1.56700000,1263.40000000,1.59
1749264128,1.56600000,2195.20000000,1.59
1749264128,1.56500000,1286.10000000,1.59
1749264128,1.56400000,4730.80000000,1.59
1749264128,1.56300000,6799.50000000,1.59
1749264128,1.56200000,9571.40000000,1.59
1749264128,1.56100000,5059.30000000,1.59
1749264128,1.56000000,1131.90000000,1.59
1749264128,1.55900000,11.20000000,1.59
1749264128,1.55800000,65.00000000,1.59
1749264128,1.55700000,511.40000000,1.59
1749264128,1.55600000,1983.80000000,1.59
1749264128,1.55500000,376.30000000,1.59
1749264128,1.55400000,1102.70000000,1.59
1749264128,1.55300000,81.10000000,1.59
1749264128,1.55200000,31.10000000,1.59
1749264128,1.55100000,6.40000000,1.59
1749264128,1.55000000,3468.80000000,1.59
1749264128,1.54900000,6.40000000,1.59
1749264128,1.54800000,6.40000000,1.59
1749264128,1.54700000,75.10000000,1.59
1749264128,1.54600000,1094.30000000,1.59
1749264128,1.54500000,114.90000000,1.59
1749264128,1.54400000,2096.00000000,1.59
1749264128,1.54300000,6.40000000,1.59
1749264128,1.54200000,12.80000000,1.59
1749264128,1.54100000,61.00000000,1.59
1749264128,1.54000000,15.30000000,1.59
1749264128,1.53900000,34.80000000,1.59
1749264128,1.53800000,21.30000000,1.59
1749264128,1.53700000,43.00000000,1.59
1749264128,1.53600000,6.40000000,1.59
1749264128,1.53500000,4542.70000000,1.59
1749264128,1.53400000,321.10000000,1.59
1749264128,1.53300000,27.90000000,1.59
1749264128,1.53200000,1091.50000000,1.59
1749264128,1.53100000,25.10000000,1.59
1749264128,1.53000000,266.00000000,1.59
1749264128,1.52900000,50.30000000,1.59
1749264128,1.52800000,99.30000000,1.59
1749264128,1.52700000,6.40000000,1.59
1749264128,1.52600000,136.00000000,1.59
1749264128,1.52500000,239.20000000,1.59
1749264128,1.52400000,126.40000000,1.59
1749264128,1.52300000,124.40000000,1.59
1749264128,1.52200000,15.80000000,1.59
1749264128,1.52100000,6.40000000,1.59
1749264128,1.52000000,4005.30000000,1.59
1749264128,1.51900000,6.40000000,1.59
1749264128,1.51800000,42.90000000,1.59
1749264128,1.51700000,19.30000000,1.59
1749264128,1.51600000,63.40000000,1.59
1749264128,1.51500000,348.20000000,1.59
1749264128,1.51400000,12.70000000,1.59
1749264128,1.51300000,99.20000000,1.59
1749264128,1.51200000,6.70000000,1.59
1749264128,1.51000000,1653.80000000,1.59
1749264128,1.50900000,13.40000000,1.59
1749264128,1.50800000,529.20000000,1.59
1749264128,1.50700000,98.40000000,1.59
1749264128,1.50600000,5.30000000,1.59
1749264128,1.50400000,137.40000000,1.59
1749264128,1.50300000,179.00000000,1.59
1749264128,1.50100000,10328.90000000,1.59
1749264128,1.50000000,11073.00000000,1.59
1749264128,1.49900000,19.10000000,1.59
1749264128,1.49800000,25.50000000,1.59
1749264128,1.49700000,25.60000000,1.59
1749264128,1.49600000,19.10000000,1.59
1749264128,1.49500000,444.70000000,1.59
1749264128,1.49400000,93.50000000,1.59
1749264128,1.49300000,108.10000000,1.59
1749264128,1.49200000,262.90000000,1.59
1749264128,1.49100000,106.30000000,1.59
1749264128,1.49000000,213.10000000,1.59
1749264128,1.48900000,10.40000000,1.59
1749264128,1.48800000,225.10000000,1.59
1749264128,1.48700000,130.00000000,1.59
1749264434,1.58900000,3167.00000000,1.59
1749264434,1.58800000,16694.90000000,1.59
1749264434,1.58700000,21391.30000000,1.59
1749264434,1.58600000,17189.50000000,1.59
1749264434,1.58500000,11857.50000000,1.59
1749264434,1.58400000,12680.20000000,1.59
1749264434,1.58300000,12336.70000000,1.59
1749264434,1.58200000,5682.60000000,1.59
1749264434,1.58100000,13345.00000000,1.59
1749264434,1.58000000,3966.10000000,1.59
1749264434,1.57900000,3793.20000000,1.59
1749264434,1.57800000,4526.40000000,1.59
1749264434,1.57700000,3018.30000000,1.59
1749264434,1.57600000,11824.10000000,1.59
1749264434,1.57500000,3141.90000000,1.59
1749264434,1.57400000,3798.60000000,1.59
1749264434,1.57300000,4710.90000000,1.59
1749264434,1.57200000,4521.60000000,1.59
1749264434,1.57100000,1748.80000000,1.59
1749264434,1.57000000,2060.60000000,1.59
1749264434,1.56900000,1267.10000000,1.59
1749264434,1.56800000,7939.60000000,1.59
1749264434,1.56700000,1705.30000000,1.59
1749264434,1.56600000,2195.20000000,1.59
1749264434,1.56500000,1286.10000000,1.59
1749264434,1.56400000,2058.30000000,1.59
1749264434,1.56300000,6799.50000000,1.59
1749264434,1.56200000,9571.40000000,1.59
1749264434,1.56100000,5059.30000000,1.59
1749264434,1.56000000,4615.20000000,1.59
1749264434,1.55900000,46.50000000,1.59
1749264434,1.55800000,29.70000000,1.59
1749264434,1.55700000,511.40000000,1.59
1749264434,1.55600000,1983.80000000,1.59
1749264434,1.55500000,376.30000000,1.59
1749264434,1.55400000,1102.70000000,1.59
1749264434,1.55300000,81.10000000,1.59
1749264434,1.55200000,31.10000000,1.59
1749264434,1.55100000,6.40000000,1.59
1749264434,1.55000000,3468.80000000,1.59
1749264434,1.54900000,6.40000000,1.59
1749264434,1.54800000,6.40000000,1.59
1749264434,1.54700000,75.10000000,1.59
1749264434,1.54600000,1094.30000000,1.59
1749264434,1.54500000,114.90000000,1.59
1749264434,1.54400000,2096.00000000,1.59
1749264434,1.54300000,6.40000000,1.59
1749264434,1.54200000,12.80000000,1.59
1749264434,1.54100000,61.00000000,1.59
1749264434,1.54000000,15.30000000,1.59
1749264434,1.53900000,34.80000000,1.59
1749264434,1.53800000,21.30000000,1.59
1749264434,1.53700000,43.00000000,1.59
1749264434,1.53600000,6.40000000,1.59
1749264434,1.53500000,4542.70000000,1.59
1749264434,1.53400000,321.10000000,1.59
1749264434,1.53300000,27.90000000,1.59
1749264434,1.53200000,1091.50000000,1.59
1749264434,1.53100000,25.10000000,1.59
1749264434,1.53000000,102.60000000,1.59
1749264434,1.52900000,213.80000000,1.59
1749264434,1.52800000,99.30000000,1.59
1749264434,1.52700000,6.40000000,1.59
1749264434,1.52600000,136.00000000,1.59
1749264434,1.52500000,239.20000000,1.59
1749264434,1.52400000,126.40000000,1.59
1749264434,1.52300000,124.40000000,1.59
1749264434,1.52200000,15.80000000,1.59
1749264434,1.52100000,6.40000000,1.59
1749264434,1.52000000,4005.30000000,1.59
1749264434,1.51900000,6.40000000,1.59
1749264434,1.51800000,42.90000000,1.59
1749264434,1.51700000,19.30000000,1.59
1749264434,1.51600000,63.40000000,1.59
1749264434,1.51500000,348.20000000,1.59
1749264434,1.51400000,12.70000000,1.59
1749264434,1.51300000,99.20000000,1.59
1749264434,1.51000000,1660.50000000,1.59
1749264434,1.50900000,13.40000000,1.59
1749264434,1.50800000,529.20000000,1.59
1749264434,1.50700000,98.40000000,1.59
1749264434,1.50600000,5.30000000,1.59
1749264434,1.50400000,137.40000000,1.59
1749264434,1.50300000,179.00000000,1.59
1749264434,1.50100000,10328.90000000,1.59
1749264434,1.50000000,11073.00000000,1.59
1749264434,1.49900000,19.10000000,1.59
1749264434,1.49800000,25.50000000,1.59
1749264434,1.49700000,25.60000000,1.59
1749264434,1.49600000,19.10000000,1.59
1749264434,1.49500000,444.70000000,1.59
1749264434,1.49400000,93.50000000,1.59
1749264434,1.49300000,108.10000000,1.59
1749264434,1.49200000,262.90000000,1.59
1749264434,1.49100000,106.30000000,1.59
1749264434,1.49000000,213.10000000,1.59
1749264434,1.48900000,10.40000000,1.59
1749264434,1.48800000,225.10000000,1.59
1749264434,1.48700000,130.00000000,1.59
1749264434,1.48600000,11.90000000,1.59
1749264736,1.59200000,3548.80000000,1.592
1749264736,1.59100000,16500.70000000,1.592
1749264736,1.59000000,20590.80000000,1.592
1749264736,1.58900000,16006.20000000,1.592
1749264736,1.58800000,7340.40000000,1.592
1749264736,1.58700000,5324.60000000,1.592
1749264736,1.58600000,10201.00000000,1.592
1749264736,1.58500000,9497.00000000,1.592
1749264736,1.58400000,11710.00000000,1.592
1749264736,1.58300000,11771.60000000,1.592
1749264736,1.58200000,5306.50000000,1.592
1749264736,1.58100000,13218.10000000,1.592
1749264736,1.58000000,4880.30000000,1.592
1749264736,1.57900000,3294.30000000,1.592
1749264736,1.57800000,3821.20000000,1.592
1749264736,1.57700000,2955.40000000,1.592
1749264736,1.57600000,11824.10000000,1.592
1749264736,1.57500000,3141.90000000,1.592
1749264736,1.57400000,3798.60000000,1.592
1749264736,1.57300000,4710.90000000,1.592
1749264736,1.57200000,4205.60000000,1.592
1749264736,1.57100000,1305.70000000,1.592
1749264736,1.57000000,2060.60000000,1.592
1749264736,1.56900000,7564.50000000,1.592
1749264736,1.56800000,7939.60000000,1.592
1749264736,1.56700000,1263.40000000,1.592
1749264736,1.56600000,2195.20000000,1.592
1749264736,1.56500000,1286.10000000,1.592
1749264736,1.56400000,5532.70000000,1.592
1749264736,1.56300000,11.20000000,1.592
1749264736,1.56200000,9076.40000000,1.592
1749264736,1.56100000,4580.30000000,1.592
1749264736,1.56000000,672.10000000,1.592
1749264736,1.55900000,11.20000000,1.592
1749264736,1.55800000,29.70000000,1.592
1749264736,1.55700000,16.40000000,1.592
1749264736,1.55600000,1983.80000000,1.592
1749264736,1.55500000,376.30000000,1.592
1749264736,1.55400000,1102.70000000,1.592
1749264736,1.55300000,81.10000000,1.592
1749264736,1.55200000,31.10000000,1.592
1749264736,1.55100000,6.40000000,1.592
1749264736,1.55000000,3468.80000000,1.592
1749264736,1.54900000,6.40000000,1.592
1749264736,1.54800000,6.40000000,1.592
1749264736,1.54700000,75.10000000,1.592
1749264736,1.54600000,1094.30000000,1.592
1749264736,1.54500000,114.90000000,1.592
1749264736,1.54400000,2096.00000000,1.592
1749264736,1.54300000,6.40000000,1.592
1749264736,1.54200000,12.80000000,1.592
1749264736,1.54100000,57.10000000,1.592
1749264736,1.54000000,15.30000000,1.592
1749264736,1.53900000,34.80000000,1.592
1749264736,1.53800000,21.30000000,1.592
1749264736,1.53700000,43.00000000,1.592
1749264736,1.53600000,6.40000000,1.592
1749264736,1.53500000,4542.70000000,1.592
1749264736,1.53400000,321.10000000,1.592
1749264736,1.53300000,27.90000000,1.592
1749264736,1.53200000,1254.70000000,1.592
1749264736,1.53100000,25.10000000,1.592
1749264736,1.53000000,102.60000000,1.592
1749264736,1.52900000,50.30000000,1.592
1749264736,1.52800000,99.30000000,1.592
1749264736,1.52700000,6.40000000,1.592
1749264736,1.52600000,136.00000000,1.592
1749264736,1.52500000,239.20000000,1.592
1749264736,1.52400000,126.40000000,1.592
1749264736,1.52300000,124.40000000,1.592
1749264736,1.52200000,15.80000000,1.592
1749264736,1.52100000,6.40000000,1.592
1749264736,1.52000000,4005.30000000,1.592
1749264736,1.51900000,6.40000000,1.592
1749264736,1.51800000,42.90000000,1.592
1749264736,1.51700000,19.30000000,1.592
1749264736,1.51600000,57.10000000,1.592
1749264736,1.51500000,341.90000000,1.592
1749264736,1.51400000,6.40000000,1.592
1749264736,1.51300000,99.20000000,1.592
1749264736,1.51000000,1660.50000000,1.592
1749264736,1.50900000,13.40000000,1.592
1749264736,1.50800000,529.20000000,1.592
1749264736,1.50700000,98.40000000,1.592
1749264736,1.50600000,5.30000000,1.592
1749264736,1.50400000,137.40000000,1.592
1749264736,1.50300000,179.00000000,1.592
1749264736,1.50100000,10328.90000000,1.592
1749264736,1.50000000,11073.00000000,1.592
1749264736,1.49900000,19.10000000,1.592
1749264736,1.49800000,25.50000000,1.592
1749264736,1.49700000,25.60000000,1.592
1749264736,1.49600000,19.10000000,1.592
1749264736,1.49500000,444.70000000,1.592
1749264736,1.49400000,87.50000000,1.592
1749264736,1.49300000,108.10000000,1.592
1749264736,1.49200000,262.90000000,1.592
1749264736,1.49100000,106.30000000,1.592
1749264736,1.49000000,213.10000000,1.592
1749264736,1.48900000,10.40000000,1.592
1749265037,1.59800000,11114.20000000,1.598
1749265037,1.59700000,18361.60000000,1.598
1749265037,1.59600000,18428.50000000,1.598
1749265037,1.59500000,15188.20000000,1.598
1749265037,1.59400000,8975.00000000,1.598
1749265037,1.59300000,3249.40000000,1.598
1749265037,1.59200000,6005.80000000,1.598
1749265037,1.59100000,3469.10000000,1.598
1749265037,1.59000000,4697.70000000,1.598
1749265037,1.58900000,7989.30000000,1.598
1749265037,1.58800000,10985.70000000,1.598
1749265037,1.58700000,13450.20000000,1.598
1749265037,1.58600000,4294.40000000,1.598
1749265037,1.58500000,4050.40000000,1.598
1749265037,1.58400000,13087.20000000,1.598
1749265037,1.58300000,3807.70000000,1.598
1749265037,1.58200000,7551.70000000,1.598
1749265037,1.58100000,3148.50000000,1.598
1749265037,1.58000000,3868.10000000,1.598
1749265037,1.57900000,3136.80000000,1.598
1749265037,1.57800000,1945.60000000,1.598
1749265037,1.57700000,1075.00000000,1.598
1749265037,1.57600000,9694.70000000,1.598
1749265037,1.57500000,848.20000000,1.598
1749265037,1.57400000,2314.60000000,1.598
1749265037,1.57300000,4215.90000000,1.598
1749265037,1.57200000,1746.90000000,1.598
1749265037,1.57100000,810.70000000,1.598
1749265037,1.57000000,998.60000000,1.598
1749265037,1.56900000,7069.50000000,1.598
1749265037,1.56800000,6497.90000000,1.598
1749265037,1.56700000,768.40000000,1.598
1749265037,1.56600000,1674.90000000,1.598
1749265037,1.56500000,4263.30000000,1.598
1749265037,1.56400000,11.20000000,1.598
1749265037,1.56300000,11.20000000,1.598
1749265037,1.56200000,9076.40000000,1.598
1749265037,1.56100000,1083.20000000,1.598
1749265037,1.56000000,636.90000000,1.598
1749265037,1.55900000,11.20000000,1.598
1749265037,1.55800000,29.70000000,1.598
1749265037,1.55700000,11.60000000,1.598
1749265037,1.55600000,1979.00000000,1.598
1749265037,1.55500000,371.50000000,1.598
1749265037,1.55400000,1097.90000000,1.598
1749265037,1.55300000,81.10000000,1.598
1749265037,1.55200000,31.10000000,1.598
1749265037,1.55100000,6.40000000,1.598
1749265037,1.55000000,3468.80000000,1.598
1749265037,1.54900000,6.40000000,1.598
1749265037,1.54800000,6.40000000,1.598
1749265037,1.54700000,75.10000000,1.598
1749265037,1.54600000,1094.30000000,1.598
1749265037,1.54500000,114.90000000,1.598
1749265037,1.54400000,2096.00000000,1.598
1749265037,1.54300000,6.40000000,1.598
1749265037,1.54200000,12.80000000,1.598
1749265037,1.54100000,57.10000000,1.598
1749265037,1.54000000,15.30000000,1.598
1749265037,1.53900000,34.80000000,1.598
1749265037,1.53800000,21.30000000,1.598
1749265037,1.53700000,205.70000000,1.598
1749265037,1.53600000,6.40000000,1.598
1749265037,1.53500000,4542.70000000,1.598
1749265037,1.53400000,321.10000000,1.598
1749265037,1.53300000,27.90000000,1.598
1749265037,1.53200000,1091.50000000,1.598
1749265037,1.53100000,25.10000000,1.598
1749265037,1.53000000,102.60000000,1.598
1749265037,1.52900000,50.30000000,1.598
1749265037,1.52800000,99.30000000,1.598
1749265037,1.52700000,6.40000000,1.598
1749265037,1.52600000,136.00000000,1.598
1749265037,1.52500000,239.20000000,1.598
1749265037,1.52400000,126.40000000,1.598
1749265037,1.52300000,124.40000000,1.598
1749265037,1.52200000,9.40000000,1.598
1749265037,1.52000000,3998.90000000,1.598
1749265037,1.51800000,36.60000000,1.598
1749265037,1.51700000,13.00000000,1.598
1749265037,1.51600000,57.10000000,1.598
1749265037,1.51500000,341.90000000,1.598
1749265037,1.51400000,6.40000000,1.598
1749265037,1.51300000,99.20000000,1.598
1749265037,1.51000000,1660.50000000,1.598
1749265037,1.50900000,13.40000000,1.598
1749265037,1.50800000,529.20000000,1.598
1749265037,1.50700000,98.40000000,1.598
1749265037,1.50600000,5.30000000,1.598
1749265037,1.50400000,137.40000000,1.598
1749265037,1.50300000,179.00000000,1.598
1749265037,1.50100000,10328.90000000,1.598
1749265037,1.50000000,11073.00000000,1.598
1749265037,1.49900000,19.10000000,1.598
1749265037,1.49800000,25.50000000,1.598
1749265037,1.49700000,25.60000000,1.598
1749265037,1.49600000,19.10000000,1.598
1749265037,1.49500000,444.70000000,1.598
1749265037,1.49400000,87.50000000,1.598
1749265037,1.49300000,108.10000000,1.598
1749265339,1.59700000,3124.60000000,1.597
1749265339,1.59600000,15751.20000000,1.597
1749265339,1.59500000,21915.70000000,1.597
1749265339,1.59400000,19009.80000000,1.597
1749265339,1.59300000,7996.10000000,1.597
1749265339,1.59200000,7723.10000000,1.597
1749265339,1.59100000,9661.00000000,1.597
1749265339,1.59000000,4508.00000000,1.597
1749265339,1.58900000,11393.70000000,1.597
1749265339,1.58800000,4632.20000000,1.597
1749265339,1.58700000,15009.20000000,1.597
1749265339,1.58600000,4882.90000000,1.597
1749265339,1.58500000,4050.40000000,1.597
1749265339,1.58400000,3337.90000000,1.597
1749265339,1.58300000,3807.70000000,1.597
1749265339,1.58200000,7551.70000000,1.597
1749265339,1.58100000,11362.40000000,1.597
1749265339,1.58000000,3868.10000000,1.597
1749265339,1.57900000,3218.30000000,1.597
1749265339,1.57800000,1945.60000000,1.597
1749265339,1.57700000,1075.00000000,1.597
1749265339,1.57600000,1480.80000000,1.597
1749265339,1.57500000,766.50000000,1.597
1749265339,1.57400000,2314.60000000,1.597
1749265339,1.57300000,4215.90000000,1.597
1749265339,1.57200000,1746.90000000,1.597
1749265339,1.57100000,810.70000000,1.597
1749265339,1.57000000,998.60000000,1.597
1749265339,1.56900000,7069.50000000,1.597
1749265339,1.56800000,6497.90000000,1.597
1749265339,1.56700000,768.40000000,1.597
1749265339,1.56600000,1639.80000000,1.597
1749265339,1.56500000,4298.40000000,1.597
1749265339,1.56400000,11.20000000,1.597
1749265339,1.56300000,11.20000000,1.597
1749265339,1.56200000,9076.40000000,1.597
1749265339,1.56100000,1083.20000000,1.597
1749265339,1.56000000,636.90000000,1.597
1749265339,1.55900000,11.20000000,1.597
1749265339,1.55800000,29.70000000,1.597
1749265339,1.55700000,11.60000000,1.597
1749265339,1.55600000,1979.00000000,1.597
1749265339,1.55500000,371.50000000,1.597
1749265339,1.55400000,1097.90000000,1.597
1749265339,1.55300000,81.10000000,1.597
1749265339,1.55200000,31.10000000,1.597
1749265339,1.55100000,6.40000000,1.597
1749265339,1.55000000,3468.80000000,1.597
1749265339,1.54900000,6.40000000,1.597
1749265339,1.54800000,6.40000000,1.597
1749265339,1.54700000,75.10000000,1.597
1749265339,1.54600000,1094.30000000,1.597
1749265339,1.54500000,114.90000000,1.597
1749265339,1.54400000,2096.00000000,1.597
1749265339,1.54300000,6.40000000,1.597
1749265339,1.54200000,12.80000000,1.597
1749265339,1.54100000,57.10000000,1.597
1749265339,1.54000000,15.30000000,1.597
1749265339,1.53900000,34.80000000,1.597
1749265339,1.53800000,21.30000000,1.597
1749265339,1.53700000,205.70000000,1.597
1749265339,1.53600000,6.40000000,1.597
1749265339,1.53500000,4542.70000000,1.597
1749265339,1.53400000,321.10000000,1.597
1749265339,1.53300000,27.90000000,1.597
1749265339,1.53200000,1091.50000000,1.597
1749265339,1.53100000,25.10000000,1.597
1749265339,1.53000000,102.60000000,1.597
1749265339,1.52900000,50.30000000,1.597
1749265339,1.52800000,99.30000000,1.597
1749265339,1.52700000,6.40000000,1.597
1749265339,1.52600000,136.00000000,1.597
1749265339,1.52500000,239.20000000,1.597
1749265339,1.52400000,126.40000000,1.597
1749265339,1.52300000,124.40000000,1.597
1749265339,1.52200000,15.70000000,1.597
1749265339,1.52000000,3998.90000000,1.597
1749265339,1.51800000,36.60000000,1.597
1749265339,1.51700000,13.00000000,1.597
1749265339,1.51600000,57.10000000,1.597
1749265339,1.51500000,341.90000000,1.597
1749265339,1.51400000,6.40000000,1.597
1749265339,1.51300000,99.20000000,1.597
1749265339,1.51000000,1660.50000000,1.597
1749265339,1.50900000,13.40000000,1.597
1749265339,1.50800000,529.20000000,1.597
1749265339,1.50700000,98.40000000,1.597
1749265339,1.50600000,5.30000000,1.597
1749265339,1.50400000,137.40000000,1.597
1749265339,1.50300000,179.00000000,1.597
1749265339,1.50100000,10328.90000000,1.597
1749265339,1.50000000,11073.00000000,1.597
1749265339,1.49900000,19.10000000,1.597
1749265339,1.49800000,25.50000000,1.597
1749265339,1.49700000,25.60000000,1.597
1749265339,1.49600000,19.10000000,1.597
1749265339,1.49500000,444.70000000,1.597
1749265339,1.49400000,87.50000000,1.597
1749265339,1.49300000,108.10000000,1.597
1749265339,1.49200000,262.90000000,1.597
1749265645,1.60400000,3291.20000000,1.604
1749265645,1.60300000,9698.20000000,1.604
1749265645,1.60200000,15842.20000000,1.604
1749265645,1.60100000,11723.50000000,1.604
1749265645,1.60000000,7069.20000000,1.604
1749265645,1.59900000,5859.00000000,1.604
1749265645,1.59800000,5674.60000000,1.604
1749265645,1.59700000,4249.80000000,1.604
1749265645,1.59600000,8138.70000000,1.604
1749265645,1.59500000,4663.60000000,1.604
1749265645,1.59400000,15813.40000000,1.604
1749265645,1.59300000,10934.40000000,1.604
1749265645,1.59200000,4986.00000000,1.604
1749265645,1.59100000,3693.80000000,1.604
1749265645,1.59000000,13511.20000000,1.604
1749265645,1.58900000,2797.70000000,1.604
1749265645,1.58800000,3267.00000000,1.604
1749265645,1.58700000,2762.70000000,1.604
1749265645,1.58600000,12030.00000000,1.604
1749265645,1.58500000,2786.70000000,1.604
1749265645,1.58400000,1397.80000000,1.604
1749265645,1.58300000,842.70000000,1.604
1749265645,1.58200000,5176.30000000,1.604
1749265645,1.58100000,766.90000000,1.604
1749265645,1.58000000,4931.90000000,1.604
1749265645,1.57900000,1605.60000000,1.604
1749265645,1.57800000,1429.10000000,1.604
1749265645,1.57700000,853.00000000,1.604
1749265645,1.57600000,5980.00000000,1.604
1749265645,1.57500000,922.20000000,1.604
1749265645,1.57400000,798.00000000,1.604
1749265645,1.57300000,761.40000000,1.604
1749265645,1.57200000,1112.30000000,1.604
1749265645,1.57100000,76.30000000,1.604
1749265645,1.57000000,3591.80000000,1.604
1749265645,1.56900000,26.00000000,1.604
1749265645,1.56800000,699.10000000,1.604
1749265645,1.56700000,18.20000000,1.604
1749265645,1.56600000,873.70000000,1.604
1749265645,1.56500000,40.90000000,1.604
1749265645,1.56400000,11.20000000,1.604
1749265645,1.56300000,6299.70000000,1.604
1749265645,1.56200000,9071.60000000,1.604
1749265645,1.56100000,1078.40000000,1.604
1749265645,1.56000000,632.10000000,1.604
1749265645,1.55900000,6.40000000,1.604
1749265645,1.55800000,24.90000000,1.604
1749265645,1.55700000,11.60000000,1.604
1749265645,1.55600000,1979.00000000,1.604
1749265645,1.55500000,371.50000000,1.604
1749265645,1.55400000,1097.90000000,1.604
1749265645,1.55300000,81.10000000,1.604
1749265645,1.55200000,31.10000000,1.604
1749265645,1.55100000,6.40000000,1.604
1749265645,1.55000000,3468.80000000,1.604
1749265645,1.54900000,6.40000000,1.604
1749265645,1.54800000,6.40000000,1.604
1749265645,1.54700000,75.10000000,1.604
1749265645,1.54600000,1094.30000000,1.604
1749265645,1.54500000,114.90000000,1.604
1749265645,1.54400000,2096.00000000,1.604
1749265645,1.54300000,168.40000000,1.604
1749265645,1.54200000,12.80000000,1.604
1749265645,1.54100000,57.10000000,1.604
1749265645,1.54000000,15.30000000,1.604
1749265645,1.53900000,34.80000000,1.604
1749265645,1.53800000,21.30000000,1.604
1749265645,1.53700000,43.00000000,1.604
1749265645,1.53600000,6.40000000,1.604
1749265645,1.53500000,4542.70000000,1.604
1749265645,1.53400000,321.10000000,1.604
1749265645,1.53300000,27.90000000,1.604
1749265645,1.53200000,1091.50000000,1.604
1749265645,1.53100000,25.10000000,1.604
1749265645,1.53000000,102.60000000,1.604
1749265645,1.52900000,50.30000000,1.604
1749265645,1.52800000,92.90000000,1.604
1749265645,1.52600000,129.60000000,1.604
1749265645,1.52500000,232.80000000,1.604
1749265645,1.52400000,120.00000000,1.604
1749265645,1.52300000,144.40000000,1.604
1749265645,1.52200000,9.40000000,1.604
1749265645,1.52000000,3998.90000000,1.604
1749265645,1.51800000,36.60000000,1.604
1749265645,1.51700000,13.00000000,1.604
1749265645,1.51600000,57.10000000,1.604
1749265645,1.51500000,341.90000000,1.604
1749265645,1.51400000,6.40000000,1.604
1749265645,1.51300000,99.20000000,1.604
1749265645,1.51000000,1647.10000000,1.604
1749265645,1.50800000,529.20000000,1.604
1749265645,1.50700000,98.40000000,1.604
1749265645,1.50600000,5.30000000,1.604
1749265645,1.50400000,137.40000000,1.604
1749265645,1.50300000,179.00000000,1.604
1749265645,1.50100000,10328.90000000,1.604
1749265645,1.50000000,11073.00000000,1.604
1749265645,1.49900000,19.10000000,1.604
1749265645,1.49800000,25.50000000,1.604
1749265645,1.49700000,25.60000000,1.604
1749265947,1.60600000,9323.10000000,1.606
1749265947,1.60500000,9366.00000000,1.606
1749265947,1.60400000,14597.10000000,1.606
1749265947,1.60300000,14890.40000000,1.606
1749265947,1.60200000,6911.30000000,1.606
1749265947,1.60100000,5737.10000000,1.606
1749265947,1.60000000,9321.70000000,1.606
1749265947,1.59900000,4747.20000000,1.606
1749265947,1.59800000,10396.20000000,1.606
1749265947,1.59700000,12603.00000000,1.606
1749265947,1.59600000,4600.80000000,1.606
1749265947,1.59500000,3946.50000000,1.606
1749265947,1.59400000,3761.90000000,1.606
1749265947,1.59300000,12555.80000000,1.606
1749265947,1.59200000,3266.90000000,1.606
1749265947,1.59100000,2683.90000000,1.606
1749265947,1.59000000,3266.90000000,1.606
1749265947,1.58900000,2647.90000000,1.606
1749265947,1.58800000,3267.00000000,1.606
1749265947,1.58700000,2843.70000000,1.606
1749265947,1.58600000,13624.90000000,1.606
1749265947,1.58500000,900.10000000,1.606
1749265947,1.58400000,5629.40000000,1.606
1749265947,1.58300000,761.40000000,1.606
1749265947,1.58200000,1485.40000000,1.606
1749265947,1.58100000,766.90000000,1.606
1749265947,1.58000000,943.10000000,1.606
1749265947,1.57900000,789.50000000,1.606
1749265947,1.57800000,803.90000000,1.606
1749265947,1.57700000,853.00000000,1.606
1749265947,1.57600000,5810.00000000,1.606
1749265947,1.57500000,769.90000000,1.606
1749265947,1.57400000,4250.30000000,1.606
1749265947,1.57300000,46.20000000,1.606
1749265947,1.57200000,362.10000000,1.606
1749265947,1.57100000,27.00000000,1.606
1749265947,1.57000000,2061.90000000,1.606
1749265947,1.56900000,26.00000000,1.606
1749265947,1.56800000,886.90000000,1.606
1749265947,1.56700000,18.20000000,1.606
1749265947,1.56600000,680.80000000,1.606
1749265947,1.56500000,36.10000000,1.606
1749265947,1.56400000,6.40000000,1.606
1749265947,1.56300000,6299.70000000,1.606
1749265947,1.56200000,9071.60000000,1.606
1749265947,1.56100000,1078.40000000,1.606
1749265947,1.56000000,632.10000000,1.606
1749265947,1.55900000,6.40000000,1.606
1749265947,1.55800000,24.90000000,1.606
1749265947,1.55700000,11.60000000,1.606
1749265947,1.55600000,12.80000000,1.606
1749265947,1.55500000,371.50000000,1.606
1749265947,1.55400000,1097.90000000,1.606
1749265947,1.55300000,81.10000000,1.606
1749265947,1.55200000,31.10000000,1.606
1749265947,1.55100000,6.40000000,1.606
1749265947,1.55000000,3468.80000000,1.606
1749265947,1.54900000,6.40000000,1.606
1749265947,1.54800000,6.40000000,1.606
1749265947,1.54700000,152.30000000,1.606
1749265947,1.54600000,1094.30000000,1.606
1749265947,1.54500000,114.90000000,1.606
1749265947,1.54400000,2257.90000000,1.606
1749265947,1.54300000,6.40000000,1.606
1749265947,1.54200000,12.80000000,1.606
1749265947,1.54100000,57.10000000,1.606
1749265947,1.54000000,15.30000000,1.606
1749265947,1.53900000,34.80000000,1.606
1749265947,1.53800000,21.30000000,1.606
1749265947,1.53700000,43.00000000,1.606
1749265947,1.53600000,6.40000000,1.606
1749265947,1.53500000,4542.70000000,1.606
1749265947,1.53400000,321.10000000,1.606
1749265947,1.53300000,27.90000000,1.606
1749265947,1.53200000,1013.60000000,1.606
1749265947,1.53100000,25.00000000,1.606
1749265947,1.53000000,96.20000000,1.606
1749265947,1.52900000,43.90000000,1.606
1749265947,1.52800000,92.90000000,1.606
1749265947,1.52600000,136.20000000,1.606
1749265947,1.52500000,232.80000000,1.606
1749265947,1.52400000,120.00000000,1.606
1749265947,1.52300000,144.40000000,1.606
1749265947,1.52200000,9.40000000,1.606
1749265947,1.52000000,3998.90000000,1.606
1749265947,1.51800000,36.60000000,1.606
1749265947,1.51700000,13.00000000,1.606
1749265947,1.51600000,57.10000000,1.606
1749265947,1.51500000,341.90000000,1.606
1749265947,1.51400000,6.40000000,1.606
1749265947,1.51300000,99.20000000,1.606
1749265947,1.51000000,1640.40000000,1.606
1749265947,1.50800000,529.20000000,1.606
1749265947,1.50700000,98.40000000,1.606
1749265947,1.50600000,5.30000000,1.606
1749265947,1.50400000,137.40000000,1.606
1749265947,1.50300000,179.00000000,1.606
1749265947,1.50100000,10328.90000000,1.606
1749265947,1.50000000,11073.00000000,1.606
1749265947,1.49900000,19.10000000,1.606
1749266248,1.60800000,887.80000000,1.608
1749266248,1.60700000,14535.70000000,1.608
1749266248,1.60600000,19259.70000000,1.608
1749266248,1.60500000,5110.10000000,1.608
1749266248,1.60400000,5324.30000000,1.608
1749266248,1.60300000,14051.20000000,1.608
1749266248,1.60200000,4117.80000000,1.608
1749266248,1.60100000,11207.10000000,1.608
1749266248,1.60000000,4263.60000000,1.608
1749266248,1.59900000,11932.00000000,1.608
1749266248,1.59800000,3914.20000000,1.608
1749266248,1.59700000,3923.70000000,1.608
1749266248,1.59600000,14287.60000000,1.608
1749266248,1.59500000,3451.50000000,1.608
1749266248,1.59400000,3266.90000000,1.608
1749266248,1.59300000,2811.50000000,1.608
1749266248,1.59200000,3266.90000000,1.608
1749266248,1.59100000,14313.20000000,1.608
1749266248,1.59000000,3266.90000000,1.608
1749266248,1.58900000,4187.20000000,1.608
1749266248,1.58800000,1386.60000000,1.608
1749266248,1.58700000,963.30000000,1.608
1749266248,1.58600000,1994.10000000,1.608
1749266248,1.58500000,7218.60000000,1.608
1749266248,1.58400000,7322.90000000,1.608
1749266248,1.58300000,824.40000000,1.608
1749266248,1.58200000,1485.40000000,1.608
1749266248,1.58100000,791.20000000,1.608
1749266248,1.58000000,1019.30000000,1.608
1749266248,1.57900000,780.10000000,1.608
1749266248,1.57800000,803.90000000,1.608
1749266248,1.57700000,853.00000000,1.608
1749266248,1.57600000,27.00000000,1.608
1749266248,1.57500000,83.00000000,1.608
1749266248,1.57400000,3500.10000000,1.608
1749266248,1.57300000,46.20000000,1.608
1749266248,1.57200000,362.10000000,1.608
1749266248,1.57100000,11.20000000,1.608
1749266248,1.57000000,2071.40000000,1.608
1749266248,1.56900000,21.20000000,1.608
1749266248,1.56800000,882.10000000,1.608
1749266248,1.56700000,77.10000000,1.608
1749266248,1.56600000,680.80000000,1.608
1749266248,1.56500000,36.10000000,1.608
1749266248,1.56400000,6.40000000,1.608
1749266248,1.56300000,6.40000000,1.608
1749266248,1.56200000,9071.60000000,1.608
1749266248,1.56100000,1078.40000000,1.608
1749266248,1.56000000,632.10000000,1.608
1749266248,1.55900000,6.40000000,1.608
1749266248,1.55800000,24.90000000,1.608
1749266248,1.55700000,11.60000000,1.608
1749266248,1.55600000,12.80000000,1.608
1749266248,1.55500000,371.50000000,1.608
1749266248,1.55400000,1097.90000000,1.608
1749266248,1.55300000,81.10000000,1.608
1749266248,1.55200000,31.10000000,1.608
1749266248,1.55100000,6.40000000,1.608
1749266248,1.55000000,3468.80000000,1.608
1749266248,1.54900000,167.80000000,1.608
1749266248,1.54800000,6.40000000,1.608
1749266248,1.54700000,152.30000000,1.608
1749266248,1.54600000,1094.30000000,1.608
1749266248,1.54500000,114.90000000,1.608
1749266248,1.54400000,2096.00000000,1.608
1749266248,1.54300000,6.40000000,1.608
1749266248,1.54200000,12.80000000,1.608
1749266248,1.54100000,57.10000000,1.608
1749266248,1.54000000,15.30000000,1.608
1749266248,1.53900000,34.80000000,1.608
1749266248,1.53800000,21.30000000,1.608
1749266248,1.53700000,43.00000000,1.608
1749266248,1.53600000,6.40000000,1.608
1749266248,1.53500000,4542.70000000,1.608
1749266248,1.53400000,321.00000000,1.608
1749266248,1.53300000,27.80000000,1.608
1749266248,1.53200000,1007.20000000,1.608
1749266248,1.53100000,18.70000000,1.608
1749266248,1.53000000,96.20000000,1.608
1749266248,1.52900000,50.50000000,1.608
1749266248,1.52800000,92.90000000,1.608
1749266248,1.52700000,6.60000000,1.608
1749266248,1.52600000,136.20000000,1.608
1749266248,1.52500000,232.80000000,1.608
1749266248,1.52400000,120.00000000,1.608
1749266248,1.52300000,104.90000000,1.608
1749266248,1.52200000,9.40000000,1.608
1749266248,1.52000000,3998.90000000,1.608
1749266248,1.51800000,36.60000000,1.608
1749266248,1.51700000,13.00000000,1.608
1749266248,1.51600000,57.10000000,1.608
1749266248,1.51500000,341.90000000,1.608
1749266248,1.51400000,6.40000000,1.608
1749266248,1.51300000,99.20000000,1.608
1749266248,1.51000000,1633.70000000,1.608
1749266248,1.50800000,529.20000000,1.608
1749266248,1.50700000,98.40000000,1.608
1749266248,1.50600000,5.30000000,1.608
1749266248,1.50400000,137.40000000,1.608
1749266248,1.50300000,179.00000000,1.608
1749266550,1.60400000,12662.70000000,1.605
1749266550,1.60300000,17112.20000000,1.605
1749266550,1.60200000,19348.60000000,1.605
1749266550,1.60100000,9579.00000000,1.605
1749266550,1.60000000,5535.50000000,1.605
1749266550,1.59900000,19207.30000000,1.605
1749266550,1.59800000,4289.50000000,1.605
1749266550,1.59700000,3198.70000000,1.605
1749266550,1.59600000,14682.70000000,1.605
1749266550,1.59500000,4583.80000000,1.605
1749266550,1.59400000,3824.20000000,1.605
1749266550,1.59300000,3530.90000000,1.605
1749266550,1.59200000,3266.90000000,1.605
1749266550,1.59100000,10897.80000000,1.605
1749266550,1.59000000,3266.90000000,1.605
1749266550,1.58900000,767.50000000,1.605
1749266550,1.58800000,1386.60000000,1.605
1749266550,1.58700000,4387.40000000,1.605
1749266550,1.58600000,1994.10000000,1.605
1749266550,1.58500000,925.30000000,1.605
1749266550,1.58400000,10678.00000000,1.605
1749266550,1.58300000,761.40000000,1.605
1749266550,1.58200000,1485.40000000,1.605
1749266550,1.58100000,791.20000000,1.605
1749266550,1.58000000,943.10000000,1.605
1749266550,1.57900000,780.10000000,1.605
1749266550,1.57800000,803.90000000,1.605
1749266550,1.57700000,853.00000000,1.605
1749266550,1.57600000,27.00000000,1.605
1749266550,1.57500000,19.70000000,1.605
1749266550,1.57400000,3500.10000000,1.605
1749266550,1.57300000,11.20000000,1.605
1749266550,1.57200000,397.10000000,1.605
1749266550,1.57100000,11.20000000,1.605
1749266550,1.57000000,2071.40000000,1.605
1749266550,1.56900000,21.20000000,1.605
1749266550,1.56800000,882.10000000,1.605
1749266550,1.56700000,13.40000000,1.605
1749266550,1.56600000,680.80000000,1.605
1749266550,1.56500000,36.10000000,1.605
1749266550,1.56400000,6.40000000,1.605
1749266550,1.56300000,6299.70000000,1.605
1749266550,1.56200000,9071.60000000,1.605
1749266550,1.56100000,1078.40000000,1.605
1749266550,1.56000000,632.10000000,1.605
1749266550,1.55900000,6.40000000,1.605
1749266550,1.55800000,24.90000000,1.605
1749266550,1.55700000,11.60000000,1.605
1749266550,1.55600000,12.80000000,1.605
1749266550,1.55500000,371.50000000,1.605
1749266550,1.55400000,1097.90000000,1.605
1749266550,1.55300000,81.10000000,1.605
1749266550,1.55200000,31.10000000,1.605
1749266550,1.55100000,6.40000000,1.605
1749266550,1.55000000,3468.80000000,1.605
1749266550,1.54900000,6.40000000,1.605
1749266550,1.54800000,6.40000000,1.605
1749266550,1.54700000,152.30000000,1.605
1749266550,1.54600000,1094.30000000,1.605
1749266550,1.54500000,276.70000000,1.605
1749266550,1.54400000,2096.00000000,1.605
1749266550,1.54300000,6.40000000,1.605
1749266550,1.54200000,12.80000000,1.605
1749266550,1.54100000,57.10000000,1.605
1749266550,1.54000000,15.30000000,1.605
1749266550,1.53900000,34.80000000,1.605
1749266550,1.53800000,21.30000000,1.605
1749266550,1.53700000,43.00000000,1.605
1749266550,1.53600000,6.40000000,1.605
1749266550,1.53500000,4542.70000000,1.605
1749266550,1.53400000,321.00000000,1.605
1749266550,1.53300000,27.80000000,1.605
1749266550,1.53200000,1013.50000000,1.605
1749266550,1.53100000,25.00000000,1.605
1749266550,1.53000000,102.50000000,1.605
1749266550,1.52900000,56.80000000,1.605
1749266550,1.52800000,92.90000000,1.605
1749266550,1.52700000,6.60000000,1.605
1749266550,1.52600000,136.20000000,1.605
1749266550,1.52500000,232.80000000,1.605
1749266550,1.52400000,120.00000000,1.605
1749266550,1.52300000,104.90000000,1.605
1749266550,1.52200000,9.40000000,1.605
1749266550,1.52000000,3998.90000000,1.605
1749266550,1.51800000,36.60000000,1.605
1749266550,1.51700000,13.00000000,1.605
1749266550,1.51600000,57.10000000,1.605
1749266550,1.51500000,341.90000000,1.605
1749266550,1.51400000,6.40000000,1.605
1749266550,1.51300000,99.20000000,1.605
1749266550,1.51000000,1633.70000000,1.605
1749266550,1.50800000,529.20000000,1.605
1749266550,1.50700000,98.40000000,1.605
1749266550,1.50600000,5.30000000,1.605
1749266550,1.50400000,137.40000000,1.605
1749266550,1.50300000,179.00000000,1.605
1749266550,1.50100000,10328.90000000,1.605
1749266550,1.50000000,11073.00000000,1.605
1749266550,1.49900000,19.10000000,1.605
1749266550,1.49800000,25.50000000,1.605
1749266851,1.61100000,4961.20000000,1.612
1749266851,1.61000000,8922.50000000,1.612
1749266851,1.60900000,21744.90000000,1.612
1749266851,1.60800000,8376.20000000,1.612
1749266851,1.60700000,6042.40000000,1.612
1749266851,1.60600000,7357.70000000,1.612
1749266851,1.60500000,3627.90000000,1.612
1749266851,1.60400000,9462.00000000,1.612
1749266851,1.60300000,3224.30000000,1.612
1749266851,1.60200000,14213.60000000,1.612
1749266851,1.60100000,11752.30000000,1.612
1749266851,1.60000000,4792.70000000,1.612
1749266851,1.59900000,12885.80000000,1.612
1749266851,1.59800000,3858.50000000,1.612
1749266851,1.59700000,2796.80000000,1.612
1749266851,1.59600000,3283.20000000,1.612
1749266851,1.59500000,3451.50000000,1.612
1749266851,1.59400000,3266.90000000,1.612
1749266851,1.59300000,6103.70000000,1.612
1749266851,1.59200000,1391.30000000,1.612
1749266851,1.59100000,9098.20000000,1.612
1749266851,1.59000000,1386.50000000,1.612
1749266851,1.58900000,4998.50000000,1.612
1749266851,1.58800000,1480.10000000,1.612
1749266851,1.58700000,882.30000000,1.612
1749266851,1.58600000,1977.40000000,1.612
1749266851,1.58500000,7218.60000000,1.612
1749266851,1.58400000,6517.00000000,1.612
1749266851,1.58300000,824.40000000,1.612
1749266851,1.58200000,766.40000000,1.612
1749266851,1.58100000,791.20000000,1.612
1749266851,1.58000000,867.50000000,1.612
1749266851,1.57900000,780.10000000,1.612
1749266851,1.57800000,4247.50000000,1.612
1749266851,1.57700000,102.80000000,1.612
1749266851,1.57600000,90.30000000,1.612
1749266851,1.57500000,19.70000000,1.612
1749266851,1.57400000,47.80000000,1.612
1749266851,1.57300000,11.20000000,1.612
1749266851,1.57200000,425.00000000,1.612
1749266851,1.57100000,6.40000000,1.612
1749266851,1.57000000,2066.60000000,1.612
1749266851,1.56900000,21.20000000,1.612
1749266851,1.56800000,882.10000000,1.612
1749266851,1.56700000,13.40000000,1.612
1749266851,1.56600000,680.80000000,1.612
1749266851,1.56500000,36.10000000,1.612
1749266851,1.56400000,6.40000000,1.612
1749266851,1.56300000,1963.40000000,1.612
1749266851,1.56200000,9071.60000000,1.612
1749266851,1.56100000,1078.40000000,1.612
1749266851,1.56000000,632.10000000,1.612
1749266851,1.55900000,6.40000000,1.612
1749266851,1.55800000,24.90000000,1.612
1749266851,1.55700000,11.60000000,1.612
1749266851,1.55600000,12.80000000,1.612
1749266851,1.55500000,371.50000000,1.612
1749266851,1.55400000,1097.90000000,1.612
1749266851,1.55300000,81.10000000,1.612
1749266851,1.55200000,31.10000000,1.612
1749266851,1.55100000,167.60000000,1.612
1749266851,1.55000000,3468.80000000,1.612
1749266851,1.54900000,6.40000000,1.612
1749266851,1.54800000,6.40000000,1.612
1749266851,1.54700000,152.30000000,1.612
1749266851,1.54600000,1094.30000000,1.612
1749266851,1.54500000,114.90000000,1.612
1749266851,1.54400000,139.00000000,1.612
1749266851,1.54300000,6.40000000,1.612
1749266851,1.54200000,12.80000000,1.612
1749266851,1.54100000,57.10000000,1.612
1749266851,1.54000000,15.30000000,1.612
1749266851,1.53900000,34.80000000,1.612
1749266851,1.53800000,21.30000000,1.612
1749266851,1.53700000,43.00000000,1.612
1749266851,1.53600000,6.30000000,1.612
1749266851,1.53500000,4536.30000000,1.612
1749266851,1.53400000,314.70000000,1.612
1749266851,1.53300000,21.50000000,1.612
1749266851,1.53200000,1007.20000000,1.612
1749266851,1.53100000,18.70000000,1.612
1749266851,1.53000000,102.80000000,1.612
1749266851,1.52900000,50.50000000,1.612
1749266851,1.52800000,92.90000000,1.612
1749266851,1.52700000,6.60000000,1.612
1749266851,1.52600000,136.20000000,1.612
1749266851,1.52500000,232.80000000,1.612
1749266851,1.52400000,120.00000000,1.612
1749266851,1.52300000,98.30000000,1.612
1749266851,1.52200000,9.40000000,1.612
1749266851,1.52000000,3998.90000000,1.612
1749266851,1.51800000,36.60000000,1.612
1749266851,1.51700000,13.00000000,1.612
1749266851,1.51600000,57.10000000,1.612
1749266851,1.51500000,341.90000000,1.612
1749266851,1.51400000,6.40000000,1.612
1749266851,1.51300000,99.20000000,1.612
1749266851,1.51000000,1633.70000000,1.612
1749266851,1.50800000,529.20000000,1.612
1749266851,1.50700000,98.40000000,1.612
1749267153,1.60800000,2837.30000000,1.609
1749267153,1.60700000,10039.60000000,1.609
1749267153,1.60600000,21363.50000000,1.609
1749267153,1.60500000,11793.50000000,1.609
1749267153,1.60400000,10936.20000000,1.609
1749267153,1.60300000,13111.70000000,1.609
1749267153,1.60200000,4662.00000000,1.609
1749267153,1.60100000,3549.10000000,1.609
1749267153,1.60000000,5179.60000000,1.609
1749267153,1.59900000,13326.80000000,1.609
1749267153,1.59800000,4656.70000000,1.609
1749267153,1.59700000,3291.80000000,1.609
1749267153,1.59600000,11992.10000000,1.609
1749267153,1.59500000,3946.50000000,1.609
1749267153,1.59400000,3761.90000000,1.609
1749267153,1.59300000,3187.50000000,1.609
1749267153,1.59200000,1391.30000000,1.609
1749267153,1.59100000,1379.60000000,1.609
1749267153,1.59000000,8305.10000000,1.609
1749267153,1.58900000,4998.50000000,1.609
1749267153,1.58800000,1480.10000000,1.609
1749267153,1.58700000,882.30000000,1.609
1749267153,1.58600000,1928.30000000,1.609
1749267153,1.58500000,10647.00000000,1.609
1749267153,1.58400000,6517.00000000,1.609
1749267153,1.58300000,761.40000000,1.609
1749267153,1.58200000,766.40000000,1.609
1749267153,1.58100000,791.20000000,1.609
1749267153,1.58000000,867.50000000,1.609
1749267153,1.57900000,780.10000000,1.609
1749267153,1.57800000,4247.50000000,1.609
1749267153,1.57700000,137.70000000,1.609
1749267153,1.57600000,27.00000000,1.609
1749267153,1.57500000,19.70000000,1.609
1749267153,1.57400000,47.80000000,1.609
1749267153,1.57300000,11.20000000,1.609
1749267153,1.57200000,362.10000000,1.609
1749267153,1.57100000,6.40000000,1.609
1749267153,1.57000000,2066.60000000,1.609
1749267153,1.56900000,21.20000000,1.609
1749267153,1.56800000,882.10000000,1.609
1749267153,1.56700000,13.40000000,1.609
1749267153,1.56600000,680.80000000,1.609
1749267153,1.56500000,36.10000000,1.609
1749267153,1.56400000,6.40000000,1.609
1749267153,1.56300000,1963.40000000,1.609
1749267153,1.56200000,9071.60000000,1.609
1749267153,1.56100000,1078.40000000,1.609
1749267153,1.56000000,632.10000000,1.609
1749267153,1.55900000,6.40000000,1.609
1749267153,1.55800000,24.90000000,1.609
1749267153,1.55700000,11.60000000,1.609
1749267153,1.55600000,12.80000000,1.609
1749267153,1.55500000,371.50000000,1.609
1749267153,1.55400000,1097.90000000,1.609
1749267153,1.55300000,81.10000000,1.609
1749267153,1.55200000,31.10000000,1.609
1749267153,1.55100000,6.40000000,1.609
1749267153,1.55000000,3468.80000000,1.609
1749267153,1.54900000,6.40000000,1.609
1749267153,1.54800000,167.90000000,1.609
1749267153,1.54700000,152.30000000,1.609
1749267153,1.54600000,1094.30000000,1.609
1749267153,1.54500000,114.90000000,1.609
1749267153,1.54400000,139.00000000,1.609
1749267153,1.54300000,6.40000000,1.609
1749267153,1.54200000,12.80000000,1.609
1749267153,1.54100000,57.10000000,1.609
1749267153,1.54000000,15.30000000,1.609
1749267153,1.53900000,34.80000000,1.609
1749267153,1.53800000,21.30000000,1.609
1749267153,1.53700000,43.00000000,1.609
1749267153,1.53600000,6.30000000,1.609
1749267153,1.53500000,4542.60000000,1.609
1749267153,1.53400000,321.00000000,1.609
1749267153,1.53300000,27.80000000,1.609
1749267153,1.53200000,1007.20000000,1.609
1749267153,1.53100000,18.70000000,1.609
1749267153,1.53000000,102.80000000,1.609
1749267153,1.52900000,50.50000000,1.609
1749267153,1.52800000,92.90000000,1.609
1749267153,1.52700000,6.60000000,1.609
1749267153,1.52600000,136.20000000,1.609
1749267153,1.52500000,232.80000000,1.609
1749267153,1.52400000,120.00000000,1.609
1749267153,1.52300000,98.30000000,1.609
1749267153,1.52200000,9.40000000,1.609
1749267153,1.52000000,3998.90000000,1.609
1749267153,1.51800000,36.60000000,1.609
1749267153,1.51700000,13.00000000,1.609
1749267153,1.51600000,57.10000000,1.609
1749267153,1.51500000,341.90000000,1.609
1749267153,1.51400000,6.40000000,1.609
1749267153,1.51300000,99.20000000,1.609
1749267153,1.51000000,1633.70000000,1.609
1749267153,1.50800000,529.20000000,1.609
1749267153,1.50700000,98.40000000,1.609
1749267153,1.50600000,5.30000000,1.609
1749267153,1.50400000,137.40000000,1.609
1749267153,1.50300000,179.00000000,1.609
1749267455,1.61100000,5187.60000000,1.611
1749267455,1.61000000,14888.10000000,1.611
1749267455,1.60900000,17574.20000000,1.611
1749267455,1.60800000,9416.10000000,1.611
1749267455,1.60700000,5788.10000000,1.611
1749267455,1.60600000,15567.80000000,1.611
1749267455,1.60500000,3987.10000000,1.611
1749267455,1.60400000,12341.70000000,1.611
1749267455,1.60300000,10965.50000000,1.611
1749267455,1.60200000,14001.40000000,1.611
1749267455,1.60100000,3549.10000000,1.611
1749267455,1.60000000,4792.70000000,1.611
1749267455,1.59900000,3136.50000000,1.611
1749267455,1.59800000,3858.50000000,1.611
1749267455,1.59700000,3136.50000000,1.611
1749267455,1.59600000,11992.10000000,1.611
1749267455,1.59500000,3946.50000000,1.611
1749267455,1.59400000,3761.90000000,1.611
1749267455,1.59300000,2848.10000000,1.611
1749267455,1.59200000,1391.30000000,1.611
1749267455,1.59100000,7665.00000000,1.611
1749267455,1.59000000,8305.10000000,1.611
1749267455,1.58900000,4994.80000000,1.611
1749267455,1.58800000,1480.10000000,1.611
1749267455,1.58700000,882.30000000,1.611
1749267455,1.58600000,1928.30000000,1.611
1749267455,1.58500000,4353.70000000,1.611
1749267455,1.58400000,6517.00000000,1.611
1749267455,1.58300000,761.40000000,1.611
1749267455,1.58200000,766.40000000,1.611
1749267455,1.58100000,791.20000000,1.611
1749267455,1.58000000,867.50000000,1.611
1749267455,1.57900000,780.10000000,1.611
1749267455,1.57800000,4247.50000000,1.611
1749267455,1.57700000,102.80000000,1.611
1749267455,1.57600000,27.00000000,1.611
1749267455,1.57500000,54.60000000,1.611
1749267455,1.57400000,47.80000000,1.611
1749267455,1.57300000,11.20000000,1.611
1749267455,1.57200000,362.10000000,1.611
1749267455,1.57100000,6.40000000,1.611
1749267455,1.57000000,2066.60000000,1.611
1749267455,1.56900000,21.20000000,1.611
1749267455,1.56800000,945.70000000,1.611
1749267455,1.56700000,13.40000000,1.611
1749267455,1.56600000,680.80000000,1.611
1749267455,1.56500000,36.10000000,1.611
1749267455,1.56400000,6.40000000,1.611
1749267455,1.56300000,1963.40000000,1.611
1749267455,1.56200000,9071.60000000,1.611
1749267455,1.56100000,1078.40000000,1.611
1749267455,1.56000000,632.10000000,1.611
1749267455,1.55900000,6.40000000,1.611
1749267455,1.55800000,24.90000000,1.611
1749267455,1.55700000,11.60000000,1.611
1749267455,1.55600000,12.80000000,1.611
1749267455,1.55500000,371.50000000,1.611
1749267455,1.55400000,1097.90000000,1.611
1749267455,1.55300000,81.10000000,1.611
1749267455,1.55200000,31.10000000,1.611
1749267455,1.55100000,167.60000000,1.611
1749267455,1.55000000,3468.80000000,1.611
1749267455,1.54900000,6.40000000,1.611
1749267455,1.54800000,6.40000000,1.611
1749267455,1.54700000,152.30000000,1.611
1749267455,1.54600000,1094.30000000,1.611
1749267455,1.54500000,114.90000000,1.611
1749267455,1.54400000,139.00000000,1.611
1749267455,1.54300000,6.40000000,1.611
1749267455,1.54200000,12.80000000,1.611
1749267455,1.54100000,57.10000000,1.611
1749267455,1.54000000,15.30000000,1.611
1749267455,1.53900000,34.80000000,1.611
1749267455,1.53800000,21.30000000,1.611
1749267455,1.53700000,43.00000000,1.611
1749267455,1.53600000,6.30000000,1.611
1749267455,1.53500000,4536.30000000,1.611
1749267455,1.53400000,314.70000000,1.611
1749267455,1.53300000,21.50000000,1.611
1749267455,1.53200000,1007.20000000,1.611
1749267455,1.53100000,18.70000000,1.611
1749267455,1.53000000,102.80000000,1.611
1749267455,1.52900000,50.50000000,1.611
1749267455,1.52800000,92.90000000,1.611
1749267455,1.52700000,6.60000000,1.611
1749267455,1.52600000,136.20000000,1.611
1749267455,1.52500000,232.80000000,1.611
1749267455,1.52400000,120.00000000,1.611
1749267455,1.52300000,98.30000000,1.611
1749267455,1.52200000,9.40000000,1.611
1749267455,1.52000000,3998.90000000,1.611
1749267455,1.51800000,36.60000000,1.611
1749267455,1.51700000,13.00000000,1.611
1749267455,1.51600000,57.10000000,1.611
1749267455,1.51500000,341.90000000,1.611
1749267455,1.51400000,6.40000000,1.611
1749267455,1.51300000,99.20000000,1.611
1749267455,1.51000000,1633.70000000,1.611
1749267455,1.50800000,529.20000000,1.611
1749267455,1.50700000,98.40000000,1.611
1749267757,1.61300000,5296.00000000,1.613
1749267757,1.61200000,9904.40000000,1.613
1749267757,1.61100000,29385.70000000,1.613
1749267757,1.61000000,5059.10000000,1.613
1749267757,1.60900000,4351.10000000,1.613
1749267757,1.60800000,10249.80000000,1.613
1749267757,1.60700000,3616.40000000,1.613
1749267757,1.60600000,12146.00000000,1.613
1749267757,1.60500000,11391.40000000,1.613
1749267757,1.60400000,4922.90000000,1.613
1749267757,1.60300000,3202.00000000,1.613
1749267757,1.60200000,14721.90000000,1.613
1749267757,1.60100000,3486.70000000,1.613
1749267757,1.60000000,4539.60000000,1.613
1749267757,1.59900000,3292.00000000,1.613
1749267757,1.59800000,3858.50000000,1.613
1749267757,1.59700000,2796.80000000,1.613
1749267757,1.59600000,11497.10000000,1.613
1749267757,1.59500000,3376.20000000,1.613
1749267757,1.59400000,10162.00000000,1.613
1749267757,1.59300000,6103.70000000,1.613
1749267757,1.59200000,1386.50000000,1.613
1749267757,1.59100000,7584.20000000,1.613
1749267757,1.59000000,11722.70000000,1.613
1749267757,1.58900000,1575.10000000,1.613
1749267757,1.58800000,1618.10000000,1.613
1749267757,1.58700000,882.30000000,1.613
1749267757,1.58600000,1928.30000000,1.613
1749267757,1.58500000,925.30000000,1.613
1749267757,1.58400000,5816.40000000,1.613
1749267757,1.58300000,761.40000000,1.613
1749267757,1.58200000,4264.40000000,1.613
1749267757,1.58100000,806.90000000,1.613
1749267757,1.58000000,867.50000000,1.613
1749267757,1.57900000,780.10000000,1.613
1749267757,1.57800000,88.50000000,1.613
1749267757,1.57700000,102.80000000,1.613
1749267757,1.57600000,11.20000000,1.613
1749267757,1.57500000,19.70000000,1.613
1749267757,1.57400000,47.80000000,1.613
1749267757,1.57300000,91.60000000,1.613
1749267757,1.57200000,357.30000000,1.613
1749267757,1.57100000,6.40000000,1.613
1749267757,1.57000000,2066.60000000,1.613
1749267757,1.56900000,21.20000000,1.613
1749267757,1.56800000,882.10000000,1.613
1749267757,1.56700000,13.40000000,1.613
1749267757,1.56600000,680.80000000,1.613
1749267757,1.56500000,36.10000000,1.613
1749267757,1.56400000,6.40000000,1.613
1749267757,1.56300000,1963.40000000,1.613
1749267757,1.56200000,9071.60000000,1.613
1749267757,1.56100000,1078.40000000,1.613
1749267757,1.56000000,639.20000000,1.613
1749267757,1.55900000,6.40000000,1.613
1749267757,1.55800000,24.90000000,1.613
1749267757,1.55700000,11.60000000,1.613
1749267757,1.55600000,12.80000000,1.613
1749267757,1.55500000,371.50000000,1.613
1749267757,1.55400000,1097.90000000,1.613
1749267757,1.55300000,242.10000000,1.613
1749267757,1.55200000,31.10000000,1.613
1749267757,1.55100000,6.40000000,1.613
1749267757,1.55000000,3468.80000000,1.613
1749267757,1.54900000,6.40000000,1.613
1749267757,1.54800000,6.40000000,1.613
1749267757,1.54700000,152.30000000,1.613
1749267757,1.54600000,1094.30000000,1.613
1749267757,1.54500000,114.90000000,1.613
1749267757,1.54400000,139.00000000,1.613
1749267757,1.54300000,6.40000000,1.613
1749267757,1.54200000,12.80000000,1.613
1749267757,1.54100000,57.10000000,1.613
1749267757,1.54000000,15.30000000,1.613
1749267757,1.53900000,34.80000000,1.613
1749267757,1.53800000,21.30000000,1.613
1749267757,1.53700000,36.60000000,1.613
1749267757,1.53500000,4536.30000000,1.613
1749267757,1.53400000,314.70000000,1.613
1749267757,1.53300000,21.50000000,1.613
1749267757,1.53200000,1007.20000000,1.613
1749267757,1.53100000,18.70000000,1.613
1749267757,1.53000000,102.80000000,1.613
1749267757,1.52900000,50.50000000,1.613
1749267757,1.52800000,92.90000000,1.613
1749267757,1.52700000,6.60000000,1.613
1749267757,1.52600000,136.20000000,1.613
1749267757,1.52500000,232.80000000,1.613
1749267757,1.52400000,120.00000000,1.613
1749267757,1.52300000,98.30000000,1.613
