timestamp,price,volume,current_price
1749254517,0.37290000,863.10000000,0.3729
1749254517,0.37280000,11525.50000000,0.3729
1749254517,0.37270000,8822.90000000,0.3729
1749254517,0.37260000,21215.50000000,0.3729
1749254517,0.37250000,43604.90000000,0.3729
1749254517,0.37240000,30823.80000000,0.3729
1749254517,0.37230000,48351.30000000,0.3729
1749254517,0.37220000,41937.20000000,0.3729
1749254517,0.37210000,41467.90000000,0.3729
1749254517,0.37200000,14473.30000000,0.3729
1749254517,0.37190000,12952.40000000,0.3729
1749254517,0.37180000,40737.70000000,0.3729
1749254517,0.37170000,6524.20000000,0.3729
1749254517,0.37160000,13126.50000000,0.3729
1749254517,0.37150000,8568.20000000,0.3729
1749254517,0.37140000,6506.60000000,0.3729
1749254517,0.37130000,13974.10000000,0.3729
1749254517,0.37120000,9805.00000000,0.3729
1749254517,0.37110000,18147.40000000,0.3729
1749254517,0.37100000,9894.20000000,0.3729
1749254517,0.37090000,9645.40000000,0.3729
1749254517,0.37080000,12041.20000000,0.3729
1749254517,0.37070000,116462.40000000,0.3729
1749254517,0.37060000,7603.70000000,0.3729
1749254517,0.37050000,15834.10000000,0.3729
1749254517,0.37040000,10979.90000000,0.3729
1749254517,0.37030000,7622.50000000,0.3729
1749254517,0.37020000,13137.30000000,0.3729
1749254517,0.37010000,10519.00000000,0.3729
1749254517,0.37000000,1010108.50000000,0.3729
1749254517,0.36990000,11107.20000000,0.3729
1749254517,0.36980000,9355.60000000,0.3729
1749254517,0.36970000,5015.10000000,0.3729
1749254517,0.36960000,10944.10000000,0.3729
1749254517,0.36950000,12316.40000000,0.3729
1749254517,0.36940000,6478.90000000,0.3729
1749254517,0.36930000,8604.60000000,0.3729
1749254517,0.36920000,26.70000000,0.3729
1749254517,0.36910000,2015.60000000,0.3729
1749254517,0.36900000,5969.10000000,0.3729
1749254517,0.36890000,2662.30000000,0.3729
1749254517,0.36880000,2642.10000000,0.3729
1749254517,0.36870000,46.90000000,0.3729
1749254517,0.36860000,2152.90000000,0.3729
1749254517,0.36850000,418.80000000,0.3729
1749254517,0.36840000,4139.90000000,0.3729
1749254517,0.36830000,7992.80000000,0.3729
1749254517,0.36820000,15520.00000000,0.3729
1749254517,0.36810000,46.90000000,0.3729
1749254517,0.36800000,619.00000000,0.3729
1749254517,0.36790000,46.90000000,0.3729
1749254517,0.36780000,5476.10000000,0.3729
1749254517,0.36770000,2672.00000000,0.3729
1749254517,0.36760000,2940.20000000,0.3729
1749254517,0.36750000,26.70000000,0.3729
1749254517,0.36740000,24334.70000000,0.3729
1749254517,0.36730000,2668.20000000,0.3729
1749254517,0.36720000,88572.20000000,0.3729
1749254517,0.36710000,26.70000000,0.3729
1749254517,0.36700000,3317.70000000,0.3729
1749254517,0.36690000,26.70000000,0.3729
1749254517,0.36680000,2642.20000000,0.3729
1749254517,0.36670000,572.20000000,0.3729
1749254517,0.36660000,38444.40000000,0.3729
1749254517,0.36650000,539.30000000,0.3729
1749254517,0.36640000,26.80000000,0.3729
1749254517,0.36630000,4827.80000000,0.3729
1749254517,0.36620000,89.90000000,0.3729
1749254517,0.36610000,1384.70000000,0.3729
1749254517,0.36600000,2835.70000000,0.3729
1749254517,0.36590000,3661.50000000,0.3729
1749254517,0.36580000,300.10000000,0.3729
1749254517,0.36570000,26.80000000,0.3729
1749254517,0.36560000,839.20000000,0.3729
1749254517,0.36550000,657.30000000,0.3729
1749254517,0.36540000,2153.10000000,0.3729
1749254517,0.36520000,4289.40000000,0.3729
1749254517,0.36500000,1299.40000000,0.3729
1749254517,0.36490000,2740.40000000,0.3729
1749254517,0.36480000,4988.80000000,0.3729
1749254517,0.36450000,4126.10000000,0.3729
1749254517,0.36440000,27.90000000,0.3729
1749254517,0.36420000,2830.80000000,0.3729
1749254517,0.36400000,1031.70000000,0.3729
1749254517,0.36380000,90.60000000,0.3729
1749254517,0.36370000,2126.20000000,0.3729
1749254517,0.36360000,60.90000000,0.3729
1749254517,0.36350000,89.90000000,0.3729
1749254517,0.36340000,43.50000000,0.3729
1749254517,0.36330000,52.50000000,0.3729
1749254517,0.36320000,200.00000000,0.3729
1749254517,0.36310000,13991.40000000,0.3729
1749254517,0.36300000,1023.90000000,0.3729
1749254517,0.36290000,1215.80000000,0.3729
1749254517,0.36280000,31221.20000000,0.3729
1749254517,0.36270000,3192.20000000,0.3729
1749254517,0.36250000,1516.40000000,0.3729
1749254517,0.36240000,600.90000000,0.3729
1749254517,0.36230000,1797.00000000,0.3729
1749254517,0.36220000,100.00000000,0.3729
1749254827,0.37240000,1609.40000000,0.3724
1749254827,0.37230000,16126.70000000,0.3724
1749254827,0.37220000,23514.40000000,0.3724
1749254827,0.37210000,26854.90000000,0.3724
1749254827,0.37200000,50212.90000000,0.3724
1749254827,0.37190000,55838.30000000,0.3724
1749254827,0.37180000,22309.20000000,0.3724
1749254827,0.37170000,17118.70000000,0.3724
1749254827,0.37160000,11097.30000000,0.3724
1749254827,0.37150000,7228.70000000,0.3724
1749254827,0.37140000,1487.10000000,0.3724
1749254827,0.37130000,43151.50000000,0.3724
1749254827,0.37120000,9200.10000000,0.3724
1749254827,0.37110000,11880.50000000,0.3724
1749254827,0.37100000,12262.70000000,0.3724
1749254827,0.37090000,9160.60000000,0.3724
1749254827,0.37080000,14125.30000000,0.3724
1749254827,0.37070000,14347.20000000,0.3724
1749254827,0.37060000,7603.70000000,0.3724
1749254827,0.37050000,10988.60000000,0.3724
1749254827,0.37040000,7633.50000000,0.3724
1749254827,0.37030000,9009.20000000,0.3724
1749254827,0.37020000,120368.50000000,0.3724
1749254827,0.37010000,11592.30000000,0.3724
1749254827,0.37000000,1010108.50000000,0.3724
1749254827,0.36990000,15199.10000000,0.3724
1749254827,0.36980000,9355.60000000,0.3724
1749254827,0.36970000,5015.10000000,0.3724
1749254827,0.36960000,10944.10000000,0.3724
1749254827,0.36950000,12333.40000000,0.3724
1749254827,0.36940000,9834.40000000,0.3724
1749254827,0.36930000,8604.60000000,0.3724
1749254827,0.36920000,98.20000000,0.3724
1749254827,0.36910000,2015.60000000,0.3724
1749254827,0.36900000,5969.10000000,0.3724
1749254827,0.36890000,2662.30000000,0.3724
1749254827,0.36880000,2642.10000000,0.3724
1749254827,0.36870000,46.90000000,0.3724
1749254827,0.36860000,2152.90000000,0.3724
1749254827,0.36850000,418.80000000,0.3724
1749254827,0.36840000,26.70000000,0.3724
1749254827,0.36830000,7992.80000000,0.3724
1749254827,0.36820000,15520.00000000,0.3724
1749254827,0.36810000,46.90000000,0.3724
1749254827,0.36800000,619.00000000,0.3724
1749254827,0.36790000,1325.60000000,0.3724
1749254827,0.36780000,5476.10000000,0.3724
1749254827,0.36770000,6679.50000000,0.3724
1749254827,0.36760000,2940.20000000,0.3724
1749254827,0.36750000,26.70000000,0.3724
1749254827,0.36740000,23036.80000000,0.3724
1749254827,0.36730000,2668.20000000,0.3724
1749254827,0.36720000,26.70000000,0.3724
1749254827,0.36710000,1308.20000000,0.3724
1749254827,0.36700000,3317.70000000,0.3724
1749254827,0.36690000,26.70000000,0.3724
1749254827,0.36680000,2642.20000000,0.3724
1749254827,0.36670000,81045.90000000,0.3724
1749254827,0.36660000,37161.20000000,0.3724
1749254827,0.36650000,539.30000000,0.3724
1749254827,0.36640000,8214.60000000,0.3724
1749254827,0.36630000,4827.80000000,0.3724
1749254827,0.36620000,89.90000000,0.3724
1749254827,0.36610000,1384.70000000,0.3724
1749254827,0.36600000,2835.70000000,0.3724
1749254827,0.36590000,3661.50000000,0.3724
1749254827,0.36580000,300.10000000,0.3724
1749254827,0.36570000,26.80000000,0.3724
1749254827,0.36560000,26.80000000,0.3724
1749254827,0.36550000,657.30000000,0.3724
1749254827,0.36540000,3000.50000000,0.3724
1749254827,0.36530000,526585.10000000,0.3724
1749254827,0.36520000,5051.50000000,0.3724
1749254827,0.36510000,26.90000000,0.3724
1749254827,0.36500000,1326.30000000,0.3724
1749254827,0.36490000,2767.30000000,0.3724
1749254827,0.36480000,5067.00000000,0.3724
1749254827,0.36450000,4126.10000000,0.3724
1749254827,0.36440000,27.90000000,0.3724
1749254827,0.36420000,2830.80000000,0.3724
1749254827,0.36400000,1031.70000000,0.3724
1749254827,0.36380000,90.60000000,0.3724
1749254827,0.36370000,2126.20000000,0.3724
1749254827,0.36360000,60.90000000,0.3724
1749254827,0.36350000,89.90000000,0.3724
1749254827,0.36340000,43.50000000,0.3724
1749254827,0.36330000,52.50000000,0.3724
1749254827,0.36320000,282.50000000,0.3724
1749254827,0.36310000,13991.40000000,0.3724
1749254827,0.36300000,1023.90000000,0.3724
1749254827,0.36290000,1215.80000000,0.3724
1749254827,0.36280000,31221.20000000,0.3724
1749254827,0.36270000,3109.60000000,0.3724
1749254827,0.36250000,1516.40000000,0.3724
1749254827,0.36240000,600.90000000,0.3724
1749254827,0.36230000,1797.00000000,0.3724
1749254827,0.36220000,100.00000000,0.3724
1749254827,0.36210000,3271.50000000,0.3724
1749254827,0.36200000,579.10000000,0.3724
1749254827,0.36180000,23.40000000,0.3724
