timestamp,price,volume,current_price
1749260703,0.37450000,11133.50000000,0.3746
1749260703,0.37440000,21588.30000000,0.3746
1749260703,0.37430000,27180.20000000,0.3746
1749260703,0.37420000,31636.00000000,0.3746
1749260703,0.37410000,49132.40000000,0.3746
1749260703,0.37400000,66490.30000000,0.3746
1749260703,0.37390000,46821.30000000,0.3746
1749260703,0.37380000,46660.20000000,0.3746
1749260703,0.37370000,41596.60000000,0.3746
1749260703,0.37360000,8981.60000000,0.3746
1749260703,0.37350000,6395.10000000,0.3746
1749260703,0.37340000,16507.30000000,0.3746
1749260703,0.37330000,39751.60000000,0.3746
1749260703,0.37320000,7609.30000000,0.3746
1749260703,0.37310000,9069.70000000,0.3746
1749260703,0.37300000,8981.60000000,0.3746
1749260703,0.37290000,6439.90000000,0.3746
1749260703,0.37280000,13910.00000000,0.3746
1749260703,0.37270000,9631.40000000,0.3746
1749260703,0.37260000,12122.10000000,0.3746
1749260703,0.37250000,15751.30000000,0.3746
1749260703,0.37240000,8484.10000000,0.3746
1749260703,0.37230000,6409.30000000,0.3746
1749260703,0.37220000,117087.60000000,0.3746
1749260703,0.37210000,12830.30000000,0.3746
1749260703,0.37200000,9254.50000000,0.3746
1749260703,0.37190000,16056.40000000,0.3746
1749260703,0.37180000,9005.80000000,0.3746
1749260703,0.37170000,973.20000000,0.3746
1749260703,0.37160000,9130.70000000,0.3746
1749260703,0.37150000,2662.60000000,0.3746
1749260703,0.37140000,4977.90000000,0.3746
1749260703,0.37130000,12369.40000000,0.3746
1749260703,0.37120000,2642.10000000,0.3746
1749260703,0.37110000,5604.40000000,0.3746
1749260703,0.37100000,9647.50000000,0.3746
1749260703,0.37090000,3868.40000000,0.3746
1749260703,0.37080000,457.40000000,0.3746
1749260703,0.37070000,2662.20000000,0.3746
1749260703,0.37060000,2989.30000000,0.3746
1749260703,0.37050000,81.90000000,0.3746
1749260703,0.37040000,7582.30000000,0.3746
1749260703,0.37030000,2662.20000000,0.3746
1749260703,0.37020000,2152.90000000,0.3746
1749260703,0.37010000,2943.30000000,0.3746
1749260703,0.37000000,1049824.60000000,0.3746
1749260703,0.36990000,46.80000000,0.3746
1749260703,0.36980000,4387.30000000,0.3746
1749260703,0.36970000,3415.90000000,0.3746
1749260703,0.36960000,3288.00000000,0.3746
1749260703,0.36950000,21151.00000000,0.3746
1749260703,0.36940000,140.70000000,0.3746
1749260703,0.36930000,17899.40000000,0.3746
1749260703,0.36920000,1431.10000000,0.3746
1749260703,0.36910000,63.00000000,0.3746
1749260703,0.36900000,26.60000000,0.3746
1749260703,0.36890000,1051.50000000,0.3746
1749260703,0.36880000,23068.10000000,0.3746
1749260703,0.36870000,80092.50000000,0.3746
1749260703,0.36860000,10291.70000000,0.3746
1749260703,0.36850000,69.50000000,0.3746
1749260703,0.36840000,26.60000000,0.3746
1749260703,0.36830000,7507.60000000,0.3746
1749260703,0.36820000,26.70000000,0.3746
1749260703,0.36810000,26.70000000,0.3746
1749260703,0.36800000,619.00000000,0.3746
1749260703,0.36790000,26.70000000,0.3746
1749260703,0.36780000,3216.10000000,0.3746
1749260703,0.36770000,56.60000000,0.3746
1749260703,0.36760000,2940.20000000,0.3746
1749260703,0.36750000,26.70000000,0.3746
1749260703,0.36740000,527599.50000000,0.3746
1749260703,0.36730000,2668.20000000,0.3746
1749260703,0.36720000,835.60000000,0.3746
1749260703,0.36710000,94.20000000,0.3746
1749260703,0.36700000,17681.40000000,0.3746
1749260703,0.36690000,4052.00000000,0.3746
1749260703,0.36680000,2615.40000000,0.3746
1749260703,0.36670000,545.40000000,0.3746
1749260703,0.36660000,5123.30000000,0.3746
1749260703,0.36650000,512.50000000,0.3746
1749260703,0.36630000,2638.80000000,0.3746
1749260703,0.36620000,3896.50000000,0.3746
1749260703,0.36610000,1357.90000000,0.3746
1749260703,0.36600000,5814.30000000,0.3746
1749260703,0.36590000,3634.70000000,0.3746
1749260703,0.36580000,273.30000000,0.3746
1749260703,0.36550000,630.50000000,0.3746
1749260703,0.36540000,2126.20000000,0.3746
1749260703,0.36520000,4289.40000000,0.3746
1749260703,0.36500000,2655.60000000,0.3746
1749260703,0.36490000,2740.40000000,0.3746
1749260703,0.36480000,120.90000000,0.3746
1749260703,0.36440000,27.90000000,0.3746
1749260703,0.36420000,2847.30000000,0.3746
1749260703,0.36400000,1031.70000000,0.3746
1749260703,0.36380000,27987.60000000,0.3746
1749260703,0.36370000,2126.20000000,0.3746
1749260703,0.36360000,60.90000000,0.3746
1749260703,0.36350000,89.90000000,0.3746
1749261022,0.37450000,11906.30000000,0.3746
1749261022,0.37440000,18550.10000000,0.3746
1749261022,0.37430000,26459.40000000,0.3746
1749261022,0.37420000,70483.80000000,0.3746
1749261022,0.37410000,61353.20000000,0.3746
1749261022,0.37400000,29073.40000000,0.3746
1749261022,0.37390000,55544.00000000,0.3746
1749261022,0.37380000,20961.40000000,0.3746
1749261022,0.37370000,11890.10000000,0.3746
1749261022,0.37360000,8981.60000000,0.3746
1749261022,0.37350000,13708.60000000,0.3746
1749261022,0.37340000,35924.20000000,0.3746
1749261022,0.37330000,9645.10000000,0.3746
1749261022,0.37320000,11309.30000000,0.3746
1749261022,0.37310000,13638.50000000,0.3746
1749261022,0.37300000,19999.00000000,0.3746
1749261022,0.37290000,7803.10000000,0.3746
1749261022,0.37280000,13910.00000000,0.3746
1749261022,0.37270000,9034.00000000,0.3746
1749261022,0.37260000,5880.60000000,0.3746
1749261022,0.37250000,14547.90000000,0.3746
1749261022,0.37240000,8484.10000000,0.3746
1749261022,0.37230000,113108.70000000,0.3746
1749261022,0.37220000,8975.20000000,0.3746
1749261022,0.37210000,12251.90000000,0.3746
1749261022,0.37200000,9254.50000000,0.3746
1749261022,0.37190000,17413.60000000,0.3746
1749261022,0.37180000,9005.80000000,0.3746
1749261022,0.37170000,973.20000000,0.3746
1749261022,0.37160000,9130.70000000,0.3746
1749261022,0.37150000,2662.60000000,0.3746
1749261022,0.37140000,13118.50000000,0.3746
1749261022,0.37130000,12369.40000000,0.3746
1749261022,0.37120000,45425.00000000,0.3746
1749261022,0.37110000,5604.40000000,0.3746
1749261022,0.37100000,7995.50000000,0.3746
1749261022,0.37090000,2685.80000000,0.3746
1749261022,0.37080000,457.40000000,0.3746
1749261022,0.37070000,2662.20000000,0.3746
1749261022,0.37060000,4941.70000000,0.3746
1749261022,0.37050000,81.90000000,0.3746
1749261022,0.37040000,7582.30000000,0.3746
1749261022,0.37030000,22524.00000000,0.3746
1749261022,0.37020000,3553.50000000,0.3746
1749261022,0.37010000,2943.30000000,0.3746
1749261022,0.37000000,1036170.00000000,0.3746
1749261022,0.36990000,46.80000000,0.3746
1749261022,0.36980000,5659.40000000,0.3746
1749261022,0.36970000,46.80000000,0.3746
1749261022,0.36960000,1330.30000000,0.3746
1749261022,0.36950000,20148.00000000,0.3746
1749261022,0.36940000,140.70000000,0.3746
1749261022,0.36930000,2689.40000000,0.3746
1749261022,0.36920000,26.70000000,0.3746
1749261022,0.36910000,1067.10000000,0.3746
1749261022,0.36900000,8427.20000000,0.3746
1749261022,0.36890000,1051.50000000,0.3746
1749261022,0.36880000,102087.70000000,0.3746
1749261022,0.36870000,46.80000000,0.3746
1749261022,0.36860000,15859.20000000,0.3746
1749261022,0.36850000,69.50000000,0.3746
1749261022,0.36840000,26.60000000,0.3746
1749261022,0.36830000,7507.60000000,0.3746
1749261022,0.36820000,26.70000000,0.3746
1749261022,0.36810000,26.70000000,0.3746
1749261022,0.36800000,619.00000000,0.3746
1749261022,0.36790000,13759.20000000,0.3746
1749261022,0.36780000,3216.10000000,0.3746
1749261022,0.36770000,56.60000000,0.3746
1749261022,0.36760000,2940.20000000,0.3746
1749261022,0.36750000,26.70000000,0.3746
1749261022,0.36740000,520450.80000000,0.3746
1749261022,0.36730000,2668.20000000,0.3746
1749261022,0.36720000,1295.00000000,0.3746
1749261022,0.36710000,366.10000000,0.3746
1749261022,0.36700000,3915.20000000,0.3746
1749261022,0.36690000,3592.20000000,0.3746
1749261022,0.36680000,2615.40000000,0.3746
1749261022,0.36670000,545.40000000,0.3746
1749261022,0.36660000,5123.30000000,0.3746
1749261022,0.36650000,512.50000000,0.3746
1749261022,0.36630000,2638.80000000,0.3746
1749261022,0.36620000,3896.50000000,0.3746
1749261022,0.36610000,1357.90000000,0.3746
1749261022,0.36600000,5814.30000000,0.3746
1749261022,0.36590000,3634.70000000,0.3746
1749261022,0.36580000,273.30000000,0.3746
1749261022,0.36550000,630.50000000,0.3746
1749261022,0.36540000,2126.20000000,0.3746
1749261022,0.36520000,4289.40000000,0.3746
1749261022,0.36510000,82.10000000,0.3746
1749261022,0.36500000,2655.60000000,0.3746
1749261022,0.36490000,2740.40000000,0.3746
1749261022,0.36480000,38.80000000,0.3746
1749261022,0.36440000,27.90000000,0.3746
1749261022,0.36420000,2847.30000000,0.3746
1749261022,0.36400000,1031.70000000,0.3746
1749261022,0.36380000,27987.60000000,0.3746
1749261022,0.36370000,2126.20000000,0.3746
1749261022,0.36360000,60.90000000,0.3746
1749261333,0.37450000,9982.00000000,0.3745
1749261333,0.37440000,22432.40000000,0.3745
1749261333,0.37430000,26666.00000000,0.3745
1749261333,0.37420000,34978.00000000,0.3745
1749261333,0.37410000,70781.80000000,0.3745
1749261333,0.37400000,70549.00000000,0.3745
1749261333,0.37390000,27111.00000000,0.3745
1749261333,0.37380000,38221.20000000,0.3745
1749261333,0.37370000,24360.40000000,0.3745
1749261333,0.37360000,11378.60000000,0.3745
1749261333,0.37350000,7241.70000000,0.3745
1749261333,0.37340000,17177.90000000,0.3745
1749261333,0.37330000,39136.10000000,0.3745
1749261333,0.37320000,6366.20000000,0.3745
1749261333,0.37310000,10252.40000000,0.3745
1749261333,0.37300000,18623.20000000,0.3745
1749261333,0.37290000,7803.10000000,0.3745
1749261333,0.37280000,13910.00000000,0.3745
1749261333,0.37270000,9034.00000000,0.3745
1749261333,0.37260000,12129.50000000,0.3745
1749261333,0.37250000,14547.90000000,0.3745
1749261333,0.37240000,8484.10000000,0.3745
1749261333,0.37230000,6409.30000000,0.3745
1749261333,0.37220000,8975.20000000,0.3745
1749261333,0.37210000,119003.90000000,0.3745
1749261333,0.37200000,9254.50000000,0.3745
1749261333,0.37190000,17413.60000000,0.3745
1749261333,0.37180000,10074.20000000,0.3745
1749261333,0.37170000,973.20000000,0.3745
1749261333,0.37160000,8061.70000000,0.3745
1749261333,0.37150000,2662.60000000,0.3745
1749261333,0.37140000,4977.90000000,0.3745
1749261333,0.37130000,12369.40000000,0.3745
1749261333,0.37120000,16252.50000000,0.3745
1749261333,0.37110000,5066.50000000,0.3745
1749261333,0.37100000,7726.50000000,0.3745
1749261333,0.37090000,2685.80000000,0.3745
1749261333,0.37080000,457.40000000,0.3745
1749261333,0.37070000,30668.00000000,0.3745
1749261333,0.37060000,4941.70000000,0.3745
1749261333,0.37050000,81.90000000,0.3745
1749261333,0.37040000,7582.30000000,0.3745
1749261333,0.37030000,22524.00000000,0.3745
1749261333,0.37020000,3553.50000000,0.3745
1749261333,0.37010000,2943.30000000,0.3745
1749261333,0.37000000,1036170.00000000,0.3745
1749261333,0.36990000,46.80000000,0.3745
1749261333,0.36980000,4387.30000000,0.3745
1749261333,0.36970000,46.80000000,0.3745
1749261333,0.36960000,12625.40000000,0.3745
1749261333,0.36950000,10123.00000000,0.3745
1749261333,0.36940000,140.70000000,0.3745
1749261333,0.36930000,2689.40000000,0.3745
1749261333,0.36920000,26.70000000,0.3745
1749261333,0.36910000,63.00000000,0.3745
1749261333,0.36900000,26.60000000,0.3745
1749261333,0.36890000,9763.60000000,0.3745
1749261333,0.36880000,14624.20000000,0.3745
1749261333,0.36870000,46.80000000,0.3745
1749261333,0.36860000,90355.70000000,0.3745
1749261333,0.36850000,69.50000000,0.3745
1749261333,0.36840000,26.60000000,0.3745
1749261333,0.36830000,7507.60000000,0.3745
1749261333,0.36820000,26.70000000,0.3745
1749261333,0.36810000,26.70000000,0.3745
1749261333,0.36800000,619.00000000,0.3745
1749261333,0.36790000,13759.20000000,0.3745
1749261333,0.36780000,3216.10000000,0.3745
1749261333,0.36770000,13796.60000000,0.3745
1749261333,0.36760000,2940.20000000,0.3745
1749261333,0.36750000,26.70000000,0.3745
1749261333,0.36740000,540685.60000000,0.3745
1749261333,0.36730000,2686.30000000,0.3745
1749261333,0.36720000,835.60000000,0.3745
1749261333,0.36710000,94.20000000,0.3745
1749261333,0.36700000,5355.20000000,0.3745
1749261333,0.36690000,2883.60000000,0.3745
1749261333,0.36680000,2615.40000000,0.3745
1749261333,0.36670000,545.40000000,0.3745
1749261333,0.36660000,5123.30000000,0.3745
1749261333,0.36650000,512.50000000,0.3745
1749261333,0.36630000,2638.80000000,0.3745
1749261333,0.36620000,3896.50000000,0.3745
1749261333,0.36610000,1357.90000000,0.3745
1749261333,0.36600000,5814.30000000,0.3745
1749261333,0.36590000,3634.70000000,0.3745
1749261333,0.36580000,273.30000000,0.3745
1749261333,0.36550000,630.50000000,0.3745
1749261333,0.36540000,2126.20000000,0.3745
1749261333,0.36520000,4289.40000000,0.3745
1749261333,0.36500000,2655.60000000,0.3745
1749261333,0.36490000,2740.40000000,0.3745
1749261333,0.36480000,38.80000000,0.3745
1749261333,0.36440000,27.90000000,0.3745
1749261333,0.36420000,2847.30000000,0.3745
1749261333,0.36400000,1031.70000000,0.3745
1749261333,0.36380000,27987.60000000,0.3745
1749261333,0.36370000,2126.20000000,0.3745
1749261333,0.36360000,60.90000000,0.3745
1749261333,0.36350000,89.90000000,0.3745
1749261635,0.37450000,6034.70000000,0.3745
1749261635,0.37440000,14862.50000000,0.3745
1749261635,0.37430000,18051.00000000,0.3745
1749261635,0.37420000,27950.80000000,0.3745
1749261635,0.37410000,64145.00000000,0.3745
1749261635,0.37400000,47824.60000000,0.3745
1749261635,0.37390000,52610.10000000,0.3745
1749261635,0.37380000,55141.90000000,0.3745
1749261635,0.37370000,37312.10000000,0.3745
1749261635,0.37360000,12080.30000000,0.3745
1749261635,0.37350000,8227.10000000,0.3745
1749261635,0.37340000,10492.30000000,0.3745
1749261635,0.37330000,11340.90000000,0.3745
1749261635,0.37320000,33054.60000000,0.3745
1749261635,0.37310000,14472.60000000,0.3745
1749261635,0.37300000,8961.50000000,0.3745
1749261635,0.37290000,7791.20000000,0.3745
1749261635,0.37280000,13899.40000000,0.3745
1749261635,0.37270000,15187.80000000,0.3745
1749261635,0.37260000,5866.00000000,0.3745
1749261635,0.37250000,14557.10000000,0.3745
1749261635,0.37240000,8484.10000000,0.3745
1749261635,0.37230000,6408.00000000,0.3745
1749261635,0.37220000,8975.20000000,0.3745
1749261635,0.37210000,114059.60000000,0.3745
1749261635,0.37200000,9254.50000000,0.3745
1749261635,0.37190000,12465.20000000,0.3745
1749261635,0.37180000,4065.40000000,0.3745
1749261635,0.37170000,73.20000000,0.3745
1749261635,0.37160000,8061.70000000,0.3745
1749261635,0.37150000,2662.60000000,0.3745
1749261635,0.37140000,4971.30000000,0.3745
1749261635,0.37130000,7422.40000000,0.3745
1749261635,0.37120000,16252.50000000,0.3745
1749261635,0.37110000,1188.50000000,0.3745
1749261635,0.37100000,2776.80000000,0.3745
1749261635,0.37090000,2685.80000000,0.3745
1749261635,0.37080000,457.40000000,0.3745
1749261635,0.37070000,2662.20000000,0.3745
1749261635,0.37060000,4941.70000000,0.3745
1749261635,0.37050000,81.90000000,0.3745
1749261635,0.37040000,7582.30000000,0.3745
1749261635,0.37030000,7252.60000000,0.3745
1749261635,0.37020000,3553.50000000,0.3745
1749261635,0.37010000,2943.30000000,0.3745
1749261635,0.37000000,1036170.00000000,0.3745
1749261635,0.36990000,46.80000000,0.3745
1749261635,0.36980000,27118.30000000,0.3745
1749261635,0.36970000,15441.20000000,0.3745
1749261635,0.36960000,26.70000000,0.3745
1749261635,0.36950000,97.10000000,0.3745
1749261635,0.36940000,140.70000000,0.3745
1749261635,0.36930000,2689.40000000,0.3745
1749261635,0.36920000,26.70000000,0.3745
1749261635,0.36910000,21747.00000000,0.3745
1749261635,0.36900000,26.60000000,0.3745
1749261635,0.36890000,46.80000000,0.3745
1749261635,0.36880000,2642.00000000,0.3745
1749261635,0.36870000,8183.50000000,0.3745
1749261635,0.36860000,82217.90000000,0.3745
1749261635,0.36850000,13779.70000000,0.3745
1749261635,0.36840000,26.60000000,0.3745
1749261635,0.36830000,7507.60000000,0.3745
1749261635,0.36820000,26.70000000,0.3745
1749261635,0.36810000,26.70000000,0.3745
1749261635,0.36800000,619.00000000,0.3745
1749261635,0.36790000,13759.20000000,0.3745
1749261635,0.36780000,3216.10000000,0.3745
1749261635,0.36770000,74.70000000,0.3745
1749261635,0.36760000,2940.20000000,0.3745
1749261635,0.36750000,26.70000000,0.3745
1749261635,0.36740000,525474.40000000,0.3745
1749261635,0.36730000,2668.20000000,0.3745
1749261635,0.36720000,5753.20000000,0.3745
1749261635,0.36710000,94.20000000,0.3745
1749261635,0.36700000,3317.70000000,0.3745
1749261635,0.36680000,2615.40000000,0.3745
1749261635,0.36670000,545.40000000,0.3745
1749261635,0.36660000,5123.30000000,0.3745
1749261635,0.36650000,512.50000000,0.3745
1749261635,0.36630000,2638.80000000,0.3745
1749261635,0.36620000,3896.50000000,0.3745
1749261635,0.36610000,1357.90000000,0.3745
1749261635,0.36600000,5814.30000000,0.3745
1749261635,0.36590000,3634.70000000,0.3745
1749261635,0.36580000,273.30000000,0.3745
1749261635,0.36550000,630.50000000,0.3745
1749261635,0.36540000,2126.20000000,0.3745
1749261635,0.36520000,4289.40000000,0.3745
1749261635,0.36500000,2655.60000000,0.3745
1749261635,0.36490000,2740.40000000,0.3745
1749261635,0.36480000,38.80000000,0.3745
1749261635,0.36440000,27.90000000,0.3745
1749261635,0.36430000,28223.00000000,0.3745
1749261635,0.36420000,2847.30000000,0.3745
1749261635,0.36400000,1031.70000000,0.3745
1749261635,0.36380000,90.60000000,0.3745
1749261635,0.36370000,2126.20000000,0.3745
1749261635,0.36360000,60.90000000,0.3745
1749261635,0.36350000,89.90000000,0.3745
1749261941,0.37470000,1138.70000000,0.3748
1749261941,0.37460000,16700.00000000,0.3748
1749261941,0.37450000,20059.80000000,0.3748
1749261941,0.37440000,28102.50000000,0.3748
1749261941,0.37430000,64362.20000000,0.3748
1749261941,0.37420000,48137.80000000,0.3748
1749261941,0.37410000,55036.60000000,0.3748
1749261941,0.37400000,63732.70000000,0.3748
1749261941,0.37390000,24327.60000000,0.3748
1749261941,0.37380000,37694.60000000,0.3748
1749261941,0.37370000,6900.70000000,0.3748
1749261941,0.37360000,42295.00000000,0.3748
1749261941,0.37350000,8556.70000000,0.3748
1749261941,0.37340000,15166.30000000,0.3748
1749261941,0.37330000,12917.70000000,0.3748
1749261941,0.37320000,11313.20000000,0.3748
1749261941,0.37310000,9048.30000000,0.3748
1749261941,0.37300000,8961.50000000,0.3748
1749261941,0.37290000,6998.80000000,0.3748
1749261941,0.37280000,13899.40000000,0.3748
1749261941,0.37270000,15703.00000000,0.3748
1749261941,0.37260000,5866.00000000,0.3748
1749261941,0.37250000,15169.00000000,0.3748
1749261941,0.37240000,115135.40000000,0.3748
1749261941,0.37230000,7794.20000000,0.3748
1749261941,0.37220000,8975.20000000,0.3748
1749261941,0.37210000,12251.90000000,0.3748
1749261941,0.37200000,9254.50000000,0.3748
1749261941,0.37190000,12465.20000000,0.3748
1749261941,0.37180000,3165.40000000,0.3748
1749261941,0.37170000,1141.90000000,0.3748
1749261941,0.37160000,8061.70000000,0.3748
1749261941,0.37150000,2662.60000000,0.3748
1749261941,0.37140000,4971.30000000,0.3748
1749261941,0.37130000,58086.00000000,0.3748
1749261941,0.37120000,2642.10000000,0.3748
1749261941,0.37110000,118.10000000,0.3748
1749261941,0.37100000,2776.80000000,0.3748
1749261941,0.37090000,2685.80000000,0.3748
1749261941,0.37080000,457.40000000,0.3748
1749261941,0.37070000,2662.20000000,0.3748
1749261941,0.37060000,4941.70000000,0.3748
1749261941,0.37050000,81.90000000,0.3748
1749261941,0.37040000,21222.10000000,0.3748
1749261941,0.37030000,7252.60000000,0.3748
1749261941,0.37020000,3553.50000000,0.3748
1749261941,0.37010000,2943.30000000,0.3748
1749261941,0.37000000,1036170.00000000,0.3748
1749261941,0.36990000,46.80000000,0.3748
1749261941,0.36980000,19675.50000000,0.3748
1749261941,0.36970000,22886.00000000,0.3748
1749261941,0.36960000,26.70000000,0.3748
1749261941,0.36950000,97.10000000,0.3748
1749261941,0.36940000,140.70000000,0.3748
1749261941,0.36930000,2689.40000000,0.3748
1749261941,0.36920000,26.70000000,0.3748
1749261941,0.36910000,20181.00000000,0.3748
1749261941,0.36900000,89711.60000000,0.3748
1749261941,0.36890000,46.80000000,0.3748
1749261941,0.36880000,2642.00000000,0.3748
1749261941,0.36870000,46.80000000,0.3748
1749261941,0.36860000,2152.80000000,0.3748
1749261941,0.36850000,69.50000000,0.3748
1749261941,0.36840000,26.60000000,0.3748
1749261941,0.36830000,7507.60000000,0.3748
1749261941,0.36820000,26.70000000,0.3748
1749261941,0.36810000,26.70000000,0.3748
1749261941,0.36800000,619.00000000,0.3748
1749261941,0.36790000,13759.20000000,0.3748
1749261941,0.36780000,3216.10000000,0.3748
1749261941,0.36770000,530822.20000000,0.3748
1749261941,0.36760000,2940.20000000,0.3748
1749261941,0.36750000,44.80000000,0.3748
1749261941,0.36740000,26.70000000,0.3748
1749261941,0.36730000,2668.20000000,0.3748
1749261941,0.36720000,4200.40000000,0.3748
1749261941,0.36710000,1620.80000000,0.3748
1749261941,0.36700000,3291.00000000,0.3748
1749261941,0.36680000,2615.40000000,0.3748
1749261941,0.36670000,545.40000000,0.3748
1749261941,0.36660000,5123.30000000,0.3748
1749261941,0.36650000,512.50000000,0.3748
1749261941,0.36630000,2638.80000000,0.3748
1749261941,0.36620000,3896.50000000,0.3748
1749261941,0.36610000,1357.90000000,0.3748
1749261941,0.36600000,3082.10000000,0.3748
1749261941,0.36590000,3634.70000000,0.3748
1749261941,0.36580000,273.30000000,0.3748
1749261941,0.36550000,630.50000000,0.3748
1749261941,0.36540000,2126.20000000,0.3748
1749261941,0.36520000,4289.40000000,0.3748
1749261941,0.36500000,3656.60000000,0.3748
1749261941,0.36490000,2740.40000000,0.3748
1749261941,0.36480000,38.80000000,0.3748
1749261941,0.36440000,27.90000000,0.3748
1749261941,0.36430000,28223.00000000,0.3748
1749261941,0.36420000,2847.30000000,0.3748
1749261941,0.36400000,1031.70000000,0.3748
1749261941,0.36380000,90.60000000,0.3748
1749261941,0.36370000,2126.20000000,0.3748
1749262243,0.37500000,6943.80000000,0.375
1749262243,0.37490000,27032.80000000,0.375
1749262243,0.37480000,24853.20000000,0.375
1749262243,0.37470000,54854.40000000,0.375
1749262243,0.37460000,58154.50000000,0.375
1749262243,0.37450000,59279.50000000,0.375
1749262243,0.37440000,56826.90000000,0.375
1749262243,0.37430000,44894.70000000,0.375
1749262243,0.37420000,42258.70000000,0.375
1749262243,0.37410000,30363.10000000,0.375
1749262243,0.37400000,16187.70000000,0.375
1749262243,0.37390000,4105.50000000,0.375
1749262243,0.37380000,44553.70000000,0.375
1749262243,0.37370000,9043.30000000,0.375
1749262243,0.37360000,13919.40000000,0.375
1749262243,0.37350000,12417.80000000,0.375
1749262243,0.37340000,15167.60000000,0.375
1749262243,0.37330000,9045.90000000,0.375
1749262243,0.37320000,11313.20000000,0.375
1749262243,0.37310000,15261.20000000,0.375
1749262243,0.37300000,8961.50000000,0.375
1749262243,0.37290000,8382.20000000,0.375
1749262243,0.37280000,13899.40000000,0.375
1749262243,0.37270000,115598.00000000,0.375
1749262243,0.37260000,5866.00000000,0.375
1749262243,0.37250000,18330.50000000,0.375
1749262243,0.37240000,8484.10000000,0.375
1749262243,0.37230000,6408.00000000,0.375
1749262243,0.37220000,8975.20000000,0.375
1749262243,0.37210000,9031.30000000,0.375
1749262243,0.37200000,10322.30000000,0.375
1749262243,0.37190000,11565.20000000,0.375
1749262243,0.37180000,3165.40000000,0.375
1749262243,0.37170000,73.20000000,0.375
1749262243,0.37160000,8061.70000000,0.375
1749262243,0.37150000,2662.60000000,0.375
1749262243,0.37140000,4971.30000000,0.375
1749262243,0.37130000,12366.80000000,0.375
1749262243,0.37120000,2642.10000000,0.375
1749262243,0.37110000,118.10000000,0.375
1749262243,0.37100000,2776.80000000,0.375
1749262243,0.37090000,2685.80000000,0.375
1749262243,0.37080000,457.40000000,0.375
1749262243,0.37070000,2662.20000000,0.375
1749262243,0.37060000,4941.70000000,0.375
1749262243,0.37050000,81.90000000,0.375
1749262243,0.37040000,21222.10000000,0.375
1749262243,0.37030000,7252.60000000,0.375
1749262243,0.37020000,2152.90000000,0.375
1749262243,0.37010000,2943.30000000,0.375
1749262243,0.37000000,1036170.00000000,0.375
1749262243,0.36990000,46.80000000,0.375
1749262243,0.36980000,4387.30000000,0.375
1749262243,0.36970000,16843.80000000,0.375
1749262243,0.36960000,26.70000000,0.375
1749262243,0.36950000,97.10000000,0.375
1749262243,0.36940000,140.70000000,0.375
1749262243,0.36930000,2689.40000000,0.375
1749262243,0.36920000,79952.70000000,0.375
1749262243,0.36910000,8190.90000000,0.375
1749262243,0.36900000,26.60000000,0.375
1749262243,0.36890000,46.80000000,0.375
1749262243,0.36880000,2642.00000000,0.375
1749262243,0.36870000,46.80000000,0.375
1749262243,0.36860000,2152.80000000,0.375
1749262243,0.36850000,69.50000000,0.375
1749262243,0.36840000,26.60000000,0.375
1749262243,0.36830000,7507.60000000,0.375
1749262243,0.36820000,26.70000000,0.375
1749262243,0.36810000,26.70000000,0.375
1749262243,0.36800000,619.00000000,0.375
1749262243,0.36790000,549829.90000000,0.375
1749262243,0.36780000,3216.10000000,0.375
1749262243,0.36770000,13796.60000000,0.375
1749262243,0.36760000,2940.20000000,0.375
1749262243,0.36750000,26.70000000,0.375
1749262243,0.36730000,2641.50000000,0.375
1749262243,0.36720000,808.90000000,0.375
1749262243,0.36710000,67.50000000,0.375
1749262243,0.36700000,3291.00000000,0.375
1749262243,0.36680000,2615.40000000,0.375
1749262243,0.36670000,545.40000000,0.375
1749262243,0.36660000,5123.30000000,0.375
1749262243,0.36650000,512.50000000,0.375
1749262243,0.36630000,2638.80000000,0.375
1749262243,0.36620000,3896.50000000,0.375
1749262243,0.36610000,1357.90000000,0.375
1749262243,0.36600000,3082.10000000,0.375
1749262243,0.36590000,3634.70000000,0.375
1749262243,0.36580000,273.30000000,0.375
1749262243,0.36550000,630.50000000,0.375
1749262243,0.36540000,2126.20000000,0.375
1749262243,0.36520000,4289.40000000,0.375
1749262243,0.36500000,3656.60000000,0.375
1749262243,0.36490000,2740.40000000,0.375
1749262243,0.36480000,38.80000000,0.375
1749262243,0.36440000,27.90000000,0.375
1749262243,0.36430000,28223.00000000,0.375
1749262243,0.36420000,2847.30000000,0.375
1749262243,0.36400000,1031.70000000,0.375
1749262545,0.37530000,3106.50000000,0.3753
1749262545,0.37520000,15253.50000000,0.3753
1749262545,0.37510000,19335.70000000,0.3753
1749262545,0.37500000,19394.30000000,0.3753
1749262545,0.37490000,41250.80000000,0.3753
1749262545,0.37480000,81516.70000000,0.3753
1749262545,0.37470000,19954.50000000,0.3753
1749262545,0.37460000,30515.60000000,0.3753
1749262545,0.37450000,43084.70000000,0.3753
1749262545,0.37440000,15881.60000000,0.3753
1749262545,0.37430000,19119.40000000,0.3753
1749262545,0.37420000,21603.00000000,0.3753
1749262545,0.37410000,35706.90000000,0.3753
1749262545,0.37400000,15176.30000000,0.3753
1749262545,0.37390000,12857.50000000,0.3753
1749262545,0.37380000,11052.60000000,0.3753
1749262545,0.37370000,9044.60000000,0.3753
1749262545,0.37360000,14525.30000000,0.3753
1749262545,0.37350000,15222.50000000,0.3753
1749262545,0.37340000,14521.00000000,0.3753
1749262545,0.37330000,9045.90000000,0.3753
1749262545,0.37320000,11293.10000000,0.3753
1749262545,0.37310000,9659.30000000,0.3753
1749262545,0.37300000,120390.10000000,0.3753
1749262545,0.37290000,7806.30000000,0.3753
1749262545,0.37280000,13899.40000000,0.3753
1749262545,0.37270000,9030.00000000,0.3753
1749262545,0.37260000,5866.00000000,0.3753
1749262545,0.37250000,18330.50000000,0.3753
1749262545,0.37240000,8484.10000000,0.3753
1749262545,0.37230000,7474.90000000,0.3753
1749262545,0.37220000,8961.60000000,0.3753
1749262545,0.37210000,8131.30000000,0.3753
1749262545,0.37200000,8354.50000000,0.3753
1749262545,0.37190000,11565.20000000,0.3753
1749262545,0.37180000,3461.00000000,0.3753
1749262545,0.37170000,95.90000000,0.3753
1749262545,0.37160000,8061.70000000,0.3753
1749262545,0.37150000,16262.00000000,0.3753
1749262545,0.37140000,4971.30000000,0.3753
1749262545,0.37130000,12366.80000000,0.3753
1749262545,0.37120000,2642.10000000,0.3753
1749262545,0.37110000,118.10000000,0.3753
1749262545,0.37100000,2776.80000000,0.3753
1749262545,0.37090000,2685.80000000,0.3753
1749262545,0.37080000,457.40000000,0.3753
1749262545,0.37070000,2662.20000000,0.3753
1749262545,0.37060000,4941.70000000,0.3753
1749262545,0.37050000,81.90000000,0.3753
1749262545,0.37040000,7289.50000000,0.3753
1749262545,0.37030000,7252.60000000,0.3753
1749262545,0.37020000,10588.70000000,0.3753
1749262545,0.37010000,17217.80000000,0.3753
1749262545,0.37000000,1036170.00000000,0.3753
1749262545,0.36990000,46.80000000,0.3753
1749262545,0.36980000,4387.30000000,0.3753
1749262545,0.36970000,16843.80000000,0.3753
1749262545,0.36960000,26.70000000,0.3753
1749262545,0.36950000,90652.60000000,0.3753
1749262545,0.36940000,11117.90000000,0.3753
1749262545,0.36930000,2689.40000000,0.3753
1749262545,0.36920000,26.70000000,0.3753
1749262545,0.36910000,8190.90000000,0.3753
1749262545,0.36900000,26.60000000,0.3753
1749262545,0.36890000,46.80000000,0.3753
1749262545,0.36880000,2642.00000000,0.3753
1749262545,0.36870000,46.80000000,0.3753
1749262545,0.36860000,15859.20000000,0.3753
1749262545,0.36850000,69.50000000,0.3753
1749262545,0.36840000,26.60000000,0.3753
1749262545,0.36830000,7507.60000000,0.3753
1749262545,0.36820000,517495.90000000,0.3753
1749262545,0.36810000,26.70000000,0.3753
1749262545,0.36800000,619.00000000,0.3753
1749262545,0.36790000,13759.20000000,0.3753
1749262545,0.36780000,3216.10000000,0.3753
1749262545,0.36770000,29.90000000,0.3753
1749262545,0.36760000,4923.50000000,0.3753
1749262545,0.36750000,2903.10000000,0.3753
1749262545,0.36730000,2641.50000000,0.3753
1749262545,0.36720000,808.90000000,0.3753
1749262545,0.36700000,6948.30000000,0.3753
1749262545,0.36680000,2615.40000000,0.3753
1749262545,0.36670000,545.40000000,0.3753
1749262545,0.36660000,5123.30000000,0.3753
1749262545,0.36650000,512.50000000,0.3753
1749262545,0.36630000,2638.80000000,0.3753
1749262545,0.36620000,63.10000000,0.3753
1749262545,0.36610000,1357.90000000,0.3753
1749262545,0.36600000,3082.10000000,0.3753
1749262545,0.36590000,3634.70000000,0.3753
1749262545,0.36580000,273.30000000,0.3753
1749262545,0.36550000,630.50000000,0.3753
1749262545,0.36540000,2126.20000000,0.3753
1749262545,0.36520000,4289.40000000,0.3753
1749262545,0.36500000,3656.60000000,0.3753
1749262545,0.36490000,2740.40000000,0.3753
1749262545,0.36480000,38.80000000,0.3753
1749262545,0.36440000,27.90000000,0.3753
1749262545,0.36430000,28223.00000000,0.3753
1749262846,0.37500000,2812.80000000,0.375
1749262846,0.37490000,22421.60000000,0.375
1749262846,0.37480000,42209.60000000,0.375
1749262846,0.37470000,22892.20000000,0.375
1749262846,0.37460000,50527.10000000,0.375
1749262846,0.37450000,63324.50000000,0.375
1749262846,0.37440000,32104.90000000,0.375
1749262846,0.37430000,40910.90000000,0.375
1749262846,0.37420000,16287.30000000,0.375
1749262846,0.37410000,4409.20000000,0.375
1749262846,0.37400000,15655.10000000,0.375
1749262846,0.37390000,30745.20000000,0.375
1749262846,0.37380000,11048.70000000,0.375
1749262846,0.37370000,14698.80000000,0.375
1749262846,0.37360000,15907.40000000,0.375
1749262846,0.37350000,9146.70000000,0.375
1749262846,0.37340000,14500.90000000,0.375
1749262846,0.37330000,9025.80000000,0.375
1749262846,0.37320000,11293.10000000,0.375
1749262846,0.37310000,15728.90000000,0.375
1749262846,0.37300000,13898.00000000,0.375
1749262846,0.37290000,6422.90000000,0.375
1749262846,0.37280000,123783.10000000,0.375
1749262846,0.37270000,9030.00000000,0.375
1749262846,0.37260000,5866.00000000,0.375
1749262846,0.37250000,18296.10000000,0.375
1749262846,0.37240000,8484.10000000,0.375
1749262846,0.37230000,6408.00000000,0.375
1749262846,0.37220000,8961.60000000,0.375
1749262846,0.37210000,8131.30000000,0.375
1749262846,0.37200000,5022.40000000,0.375
1749262846,0.37190000,11565.20000000,0.375
1749262846,0.37180000,3165.40000000,0.375
1749262846,0.37170000,1141.90000000,0.375
1749262846,0.37160000,8061.70000000,0.375
1749262846,0.37150000,16262.00000000,0.375
1749262846,0.37140000,5317.80000000,0.375
1749262846,0.37130000,9907.20000000,0.375
1749262846,0.37120000,2642.10000000,0.375
1749262846,0.37110000,118.10000000,0.375
1749262846,0.37100000,2776.80000000,0.375
1749262846,0.37090000,6068.00000000,0.375
1749262846,0.37080000,457.40000000,0.375
1749262846,0.37070000,18165.40000000,0.375
1749262846,0.37060000,4594.50000000,0.375
1749262846,0.37050000,81.90000000,0.375
1749262846,0.37040000,7559.00000000,0.375
1749262846,0.37030000,2662.20000000,0.375
1749262846,0.37020000,10588.70000000,0.375
1749262846,0.37010000,16948.10000000,0.375
1749262846,0.37000000,1036170.00000000,0.375
1749262846,0.36990000,46.80000000,0.375
1749262846,0.36980000,4387.30000000,0.375
1749262846,0.36970000,1719.40000000,0.375
1749262846,0.36960000,26.70000000,0.375
1749262846,0.36950000,18902.60000000,0.375
1749262846,0.36940000,10847.70000000,0.375
1749262846,0.36930000,82608.50000000,0.375
1749262846,0.36920000,2171.90000000,0.375
1749262846,0.36910000,63.00000000,0.375
1749262846,0.36900000,26.60000000,0.375
1749262846,0.36890000,46.80000000,0.375
1749262846,0.36880000,16341.00000000,0.375
1749262846,0.36870000,46.80000000,0.375
1749262846,0.36860000,2152.80000000,0.375
1749262846,0.36850000,15877.50000000,0.375
1749262846,0.36840000,26.60000000,0.375
1749262846,0.36830000,5357.10000000,0.375
1749262846,0.36820000,94.00000000,0.375
1749262846,0.36810000,26.70000000,0.375
1749262846,0.36800000,523229.40000000,0.375
1749262846,0.36790000,13759.20000000,0.375
1749262846,0.36780000,3487.50000000,0.375
1749262846,0.36770000,56.60000000,0.375
1749262846,0.36760000,4950.20000000,0.375
1749262846,0.36750000,2658.20000000,0.375
1749262846,0.36730000,2641.50000000,0.375
1749262846,0.36700000,6948.30000000,0.375
1749262846,0.36680000,2615.40000000,0.375
1749262846,0.36670000,545.40000000,0.375
1749262846,0.36660000,5123.30000000,0.375
1749262846,0.36650000,512.50000000,0.375
1749262846,0.36630000,2638.80000000,0.375
1749262846,0.36620000,63.10000000,0.375
1749262846,0.36610000,1357.90000000,0.375
1749262846,0.36600000,3082.10000000,0.375
1749262846,0.36590000,3634.70000000,0.375
1749262846,0.36580000,273.30000000,0.375
1749262846,0.36550000,630.50000000,0.375
1749262846,0.36540000,2126.20000000,0.375
1749262846,0.36520000,4289.40000000,0.375
1749262846,0.36500000,3656.60000000,0.375
1749262846,0.36490000,2740.40000000,0.375
1749262846,0.36480000,38.80000000,0.375
1749262846,0.36440000,27.90000000,0.375
1749262846,0.36430000,28223.00000000,0.375
1749262846,0.36420000,2847.30000000,0.375
1749262846,0.36400000,1031.70000000,0.375
1749262846,0.36380000,90.60000000,0.375
1749262846,0.36370000,2126.20000000,0.375
1749263148,0.37550000,7877.20000000,0.3755
1749263148,0.37540000,23189.80000000,0.3755
1749263148,0.37530000,48367.50000000,0.3755
1749263148,0.37520000,22265.80000000,0.3755
1749263148,0.37510000,68222.80000000,0.3755
1749263148,0.37500000,186059.10000000,0.3755
1749263148,0.37490000,36735.70000000,0.3755
1749263148,0.37480000,17769.80000000,0.3755
1749263148,0.37470000,31346.00000000,0.3755
1749263148,0.37460000,13645.70000000,0.3755
1749263148,0.37450000,21203.20000000,0.3755
1749263148,0.37440000,9340.40000000,0.3755
1749263148,0.37430000,45061.10000000,0.3755
1749263148,0.37420000,16432.40000000,0.3755
1749263148,0.37410000,6425.30000000,0.3755
1749263148,0.37400000,10243.80000000,0.3755
1749263148,0.37390000,9035.40000000,0.3755
1749263148,0.37380000,11050.00000000,0.3755
1749263148,0.37370000,9043.30000000,0.3755
1749263148,0.37360000,15907.30000000,0.3755
1749263148,0.37350000,15353.30000000,0.3755
1749263148,0.37340000,14500.90000000,0.3755
1749263148,0.37330000,9025.80000000,0.3755
1749263148,0.37320000,117721.30000000,0.3755
1749263148,0.37310000,9659.30000000,0.3755
1749263148,0.37300000,13898.00000000,0.3755
1749263148,0.37290000,11632.60000000,0.3755
1749263148,0.37280000,17224.30000000,0.3755
1749263148,0.37270000,9030.00000000,0.3755
1749263148,0.37260000,5866.00000000,0.3755
1749263148,0.37250000,14557.10000000,0.3755
1749263148,0.37240000,8484.10000000,0.3755
1749263148,0.37230000,19978.20000000,0.3755
1749263148,0.37220000,8961.60000000,0.3755
1749263148,0.37210000,9031.30000000,0.3755
1749263148,0.37200000,5022.40000000,0.3755
1749263148,0.37190000,11565.20000000,0.3755
1749263148,0.37180000,3165.40000000,0.3755
1749263148,0.37170000,73.20000000,0.3755
1749263148,0.37160000,8061.70000000,0.3755
1749263148,0.37150000,2662.60000000,0.3755
1749263148,0.37140000,5317.80000000,0.3755
1749263148,0.37130000,9907.20000000,0.3755
1749263148,0.37120000,2642.10000000,0.3755
1749263148,0.37110000,118.10000000,0.3755
1749263148,0.37100000,2776.80000000,0.3755
1749263148,0.37090000,6068.00000000,0.3755
1749263148,0.37080000,457.40000000,0.3755
1749263148,0.37070000,18165.40000000,0.3755
1749263148,0.37060000,4594.50000000,0.3755
1749263148,0.37050000,81.90000000,0.3755
1749263148,0.37040000,8290.10000000,0.3755
1749263148,0.37030000,2662.20000000,0.3755
1749263148,0.37020000,9587.60000000,0.3755
1749263148,0.37010000,17217.80000000,0.3755
1749263148,0.37000000,1036170.00000000,0.3755
1749263148,0.36990000,46.80000000,0.3755
1749263148,0.36980000,18049.30000000,0.3755
1749263148,0.36970000,82273.10000000,0.3755
1749263148,0.36960000,8143.60000000,0.3755
1749263148,0.36950000,9780.50000000,0.3755
1749263148,0.36940000,11117.90000000,0.3755
1749263148,0.36930000,2689.40000000,0.3755
1749263148,0.36920000,2171.90000000,0.3755
1749263148,0.36910000,63.00000000,0.3755
1749263148,0.36900000,26.60000000,0.3755
1749263148,0.36890000,46.80000000,0.3755
1749263148,0.36880000,2642.00000000,0.3755
1749263148,0.36870000,46.80000000,0.3755
1749263148,0.36860000,2152.80000000,0.3755
1749263148,0.36850000,15877.50000000,0.3755
1749263148,0.36840000,531897.40000000,0.3755
1749263148,0.36830000,5357.10000000,0.3755
1749263148,0.36820000,94.00000000,0.3755
1749263148,0.36810000,26.70000000,0.3755
1749263148,0.36800000,1426.10000000,0.3755
1749263148,0.36790000,13732.50000000,0.3755
1749263148,0.36780000,3648.00000000,0.3755
1749263148,0.36770000,29.90000000,0.3755
1749263148,0.36760000,4464.60000000,0.3755
1749263148,0.36750000,2903.10000000,0.3755
1749263148,0.36730000,2641.50000000,0.3755
1749263148,0.36700000,6948.30000000,0.3755
1749263148,0.36680000,2615.40000000,0.3755
1749263148,0.36670000,545.40000000,0.3755
1749263148,0.36660000,5123.30000000,0.3755
1749263148,0.36650000,512.50000000,0.3755
1749263148,0.36630000,2638.80000000,0.3755
1749263148,0.36620000,63.10000000,0.3755
1749263148,0.36610000,1357.90000000,0.3755
1749263148,0.36600000,3082.10000000,0.3755
1749263148,0.36590000,3634.70000000,0.3755
1749263148,0.36580000,273.30000000,0.3755
1749263148,0.36550000,630.50000000,0.3755
1749263148,0.36540000,2126.20000000,0.3755
1749263148,0.36520000,4289.40000000,0.3755
1749263148,0.36500000,3656.60000000,0.3755
1749263148,0.36490000,2740.40000000,0.3755
1749263148,0.36480000,38.80000000,0.3755
1749263148,0.36440000,27.90000000,0.3755
1749263454,0.37530000,13733.80000000,0.3754
1749263454,0.37520000,16818.40000000,0.3754
1749263454,0.37510000,63515.00000000,0.3754
1749263454,0.37500000,159158.60000000,0.3754
1749263454,0.37490000,48369.30000000,0.3754
1749263454,0.37480000,50655.70000000,0.3754
1749263454,0.37470000,16391.20000000,0.3754
1749263454,0.37460000,23561.00000000,0.3754
1749263454,0.37450000,12623.40000000,0.3754
1749263454,0.37440000,13258.70000000,0.3754
1749263454,0.37430000,30714.60000000,0.3754
1749263454,0.37420000,11771.90000000,0.3754
1749263454,0.37410000,9529.70000000,0.3754
1749263454,0.37400000,15777.60000000,0.3754
1749263454,0.37390000,15102.70000000,0.3754
1749263454,0.37380000,11050.00000000,0.3754
1749263454,0.37370000,9023.20000000,0.3754
1749263454,0.37360000,15281.30000000,0.3754
1749263454,0.37350000,9126.60000000,0.3754
1749263454,0.37340000,18261.40000000,0.3754
1749263454,0.37330000,9025.80000000,0.3754
1749263454,0.37320000,117729.30000000,0.3754
1749263454,0.37310000,9048.30000000,0.3754
1749263454,0.37300000,13898.00000000,0.3754
1749263454,0.37290000,6422.90000000,0.3754
1749263454,0.37280000,17224.30000000,0.3754
1749263454,0.37270000,10095.80000000,0.3754
1749263454,0.37260000,5866.00000000,0.3754
1749263454,0.37250000,14557.10000000,0.3754
1749263454,0.37240000,7584.10000000,0.3754
1749263454,0.37230000,19078.20000000,0.3754
1749263454,0.37220000,8061.60000000,0.3754
1749263454,0.37210000,8131.30000000,0.3754
1749263454,0.37200000,5022.40000000,0.3754
1749263454,0.37190000,11565.20000000,0.3754
1749263454,0.37180000,3165.40000000,0.3754
1749263454,0.37170000,73.20000000,0.3754
1749263454,0.37160000,2642.40000000,0.3754
1749263454,0.37150000,2662.60000000,0.3754
1749263454,0.37140000,5317.80000000,0.3754
1749263454,0.37130000,9907.20000000,0.3754
1749263454,0.37120000,2642.10000000,0.3754
1749263454,0.37110000,118.10000000,0.3754
1749263454,0.37100000,2776.80000000,0.3754
1749263454,0.37090000,6068.00000000,0.3754
1749263454,0.37080000,457.40000000,0.3754
1749263454,0.37070000,19564.20000000,0.3754
1749263454,0.37060000,17414.90000000,0.3754
1749263454,0.37050000,8824.60000000,0.3754
1749263454,0.37040000,8290.10000000,0.3754
1749263454,0.37030000,2662.20000000,0.3754
1749263454,0.37020000,2152.90000000,0.3754
1749263454,0.37010000,2943.30000000,0.3754
1749263454,0.37000000,1036170.00000000,0.3754
1749263454,0.36990000,10991.60000000,0.3754
1749263454,0.36980000,27742.50000000,0.3754
1749263454,0.36970000,80876.50000000,0.3754
1749263454,0.36960000,8143.60000000,0.3754
1749263454,0.36950000,97.10000000,0.3754
1749263454,0.36940000,140.70000000,0.3754
1749263454,0.36930000,2689.40000000,0.3754
1749263454,0.36920000,2171.90000000,0.3754
1749263454,0.36910000,63.00000000,0.3754
1749263454,0.36900000,26.60000000,0.3754
1749263454,0.36890000,114.50000000,0.3754
1749263454,0.36880000,2642.00000000,0.3754
1749263454,0.36870000,46.80000000,0.3754
1749263454,0.36860000,2152.80000000,0.3754
1749263454,0.36850000,15877.50000000,0.3754
1749263454,0.36840000,26.60000000,0.3754
1749263454,0.36830000,5357.10000000,0.3754
1749263454,0.36820000,538026.30000000,0.3754
1749263454,0.36810000,26.70000000,0.3754
1749263454,0.36800000,4307.50000000,0.3754
1749263454,0.36790000,15326.80000000,0.3754
1749263454,0.36780000,3674.70000000,0.3754
1749263454,0.36770000,29.90000000,0.3754
1749263454,0.36760000,2913.50000000,0.3754
1749263454,0.36730000,2641.50000000,0.3754
1749263454,0.36700000,6948.30000000,0.3754
1749263454,0.36680000,2615.40000000,0.3754
1749263454,0.36670000,545.40000000,0.3754
1749263454,0.36660000,5123.30000000,0.3754
1749263454,0.36650000,512.50000000,0.3754
1749263454,0.36630000,2638.80000000,0.3754
1749263454,0.36620000,63.10000000,0.3754
1749263454,0.36610000,1357.90000000,0.3754
1749263454,0.36600000,3082.10000000,0.3754
1749263454,0.36590000,3634.70000000,0.3754
1749263454,0.36580000,273.30000000,0.3754
1749263454,0.36550000,630.50000000,0.3754
1749263454,0.36540000,2126.20000000,0.3754
1749263454,0.36520000,4289.40000000,0.3754
1749263454,0.36500000,3656.60000000,0.3754
1749263454,0.36490000,2740.40000000,0.3754
1749263454,0.36480000,38.80000000,0.3754
1749263454,0.36440000,27.90000000,0.3754
1749263454,0.36430000,28223.00000000,0.3754
1749263454,0.36420000,2847.30000000,0.3754
1749263454,0.36400000,1031.70000000,0.3754
1749263755,0.37550000,10055.20000000,0.3756
1749263755,0.37540000,20394.60000000,0.3756
1749263755,0.37530000,28705.70000000,0.3756
1749263755,0.37520000,64046.20000000,0.3756
1749263755,0.37510000,82197.20000000,0.3756
1749263755,0.37500000,131002.80000000,0.3756
1749263755,0.37490000,39195.30000000,0.3756
1749263755,0.37480000,64917.30000000,0.3756
1749263755,0.37470000,7304.00000000,0.3756
1749263755,0.37460000,11929.30000000,0.3756
1749263755,0.37450000,33401.90000000,0.3756
1749263755,0.37440000,18175.40000000,0.3756
1749263755,0.37430000,14752.60000000,0.3756
1749263755,0.37420000,11771.90000000,0.3756
1749263755,0.37410000,6425.30000000,0.3756
1749263755,0.37400000,14536.70000000,0.3756
1749263755,0.37390000,15247.30000000,0.3756
1749263755,0.37380000,11050.00000000,0.3756
1749263755,0.37370000,9023.20000000,0.3756
1749263755,0.37360000,15281.30000000,0.3756
1749263755,0.37350000,9126.60000000,0.3756
1749263755,0.37340000,14515.10000000,0.3756
1749263755,0.37330000,118683.50000000,0.3756
1749263755,0.37320000,11293.10000000,0.3756
1749263755,0.37310000,9048.30000000,0.3756
1749263755,0.37300000,14962.90000000,0.3756
1749263755,0.37290000,6422.90000000,0.3756
1749263755,0.37280000,17224.30000000,0.3756
1749263755,0.37270000,9030.00000000,0.3756
1749263755,0.37260000,4966.00000000,0.3756
1749263755,0.37250000,13657.10000000,0.3756
1749263755,0.37240000,7584.10000000,0.3756
1749263755,0.37230000,19078.20000000,0.3756
1749263755,0.37220000,8061.60000000,0.3756
1749263755,0.37210000,8131.30000000,0.3756
1749263755,0.37200000,5022.40000000,0.3756
1749263755,0.37190000,11565.20000000,0.3756
1749263755,0.37180000,3165.40000000,0.3756
1749263755,0.37170000,73.20000000,0.3756
1749263755,0.37160000,2642.40000000,0.3756
1749263755,0.37150000,2662.60000000,0.3756
1749263755,0.37140000,5317.80000000,0.3756
1749263755,0.37130000,9907.20000000,0.3756
1749263755,0.37120000,2642.10000000,0.3756
1749263755,0.37110000,118.10000000,0.3756
1749263755,0.37100000,2776.80000000,0.3756
1749263755,0.37090000,6068.00000000,0.3756
1749263755,0.37080000,457.40000000,0.3756
1749263755,0.37070000,19564.20000000,0.3756
1749263755,0.37060000,18415.00000000,0.3756
1749263755,0.37050000,8824.60000000,0.3756
1749263755,0.37040000,7289.50000000,0.3756
1749263755,0.37030000,2662.20000000,0.3756
1749263755,0.37020000,2152.90000000,0.3756
1749263755,0.37010000,2943.30000000,0.3756
1749263755,0.37000000,1036170.00000000,0.3756
1749263755,0.36990000,11993.60000000,0.3756
1749263755,0.36980000,93879.40000000,0.3756
1749263755,0.36970000,46.80000000,0.3756
1749263755,0.36960000,8143.60000000,0.3756
1749263755,0.36950000,97.10000000,0.3756
1749263755,0.36940000,140.70000000,0.3756
1749263755,0.36930000,2689.40000000,0.3756
1749263755,0.36920000,2171.90000000,0.3756
1749263755,0.36910000,63.00000000,0.3756
1749263755,0.36900000,13718.20000000,0.3756
1749263755,0.36890000,114.50000000,0.3756
1749263755,0.36880000,2642.00000000,0.3756
1749263755,0.36870000,46.80000000,0.3756
1749263755,0.36860000,2152.80000000,0.3756
1749263755,0.36850000,15877.50000000,0.3756
1749263755,0.36840000,541480.00000000,0.3756
1749263755,0.36830000,5357.10000000,0.3756
1749263755,0.36820000,26.70000000,0.3756
1749263755,0.36810000,26.70000000,0.3756
1749263755,0.36800000,4765.90000000,0.3756
1749263755,0.36790000,15300.10000000,0.3756
1749263755,0.36780000,3189.40000000,0.3756
1749263755,0.36770000,29.90000000,0.3756
1749263755,0.36760000,2913.50000000,0.3756
1749263755,0.36730000,2641.50000000,0.3756
1749263755,0.36700000,6948.30000000,0.3756
1749263755,0.36680000,2615.40000000,0.3756
1749263755,0.36670000,545.40000000,0.3756
1749263755,0.36660000,5123.30000000,0.3756
1749263755,0.36650000,512.50000000,0.3756
1749263755,0.36630000,2638.80000000,0.3756
1749263755,0.36620000,63.10000000,0.3756
1749263755,0.36610000,1357.90000000,0.3756
1749263755,0.36600000,3082.10000000,0.3756
1749263755,0.36590000,3634.70000000,0.3756
1749263755,0.36580000,273.30000000,0.3756
1749263755,0.36550000,630.50000000,0.3756
1749263755,0.36540000,2126.20000000,0.3756
1749263755,0.36520000,4289.40000000,0.3756
1749263755,0.36500000,3656.60000000,0.3756
1749263755,0.36490000,2740.40000000,0.3756
1749263755,0.36480000,38.80000000,0.3756
1749263755,0.36440000,27.90000000,0.3756
1749263755,0.36430000,28223.00000000,0.3756
1749264057,0.37590000,8618.20000000,0.376
1749264057,0.37580000,21655.30000000,0.376
1749264057,0.37570000,45548.00000000,0.376
1749264057,0.37560000,60224.50000000,0.376
1749264057,0.37550000,22067.80000000,0.376
1749264057,0.37540000,48953.60000000,0.376
1749264057,0.37530000,49307.60000000,0.376
1749264057,0.37520000,33931.30000000,0.376
1749264057,0.37510000,40791.00000000,0.376
1749264057,0.37500000,117851.20000000,0.376
1749264057,0.37490000,3891.10000000,0.376
1749264057,0.37480000,42388.70000000,0.376
1749264057,0.37470000,6413.40000000,0.376
1749264057,0.37460000,19009.30000000,0.376
1749264057,0.37450000,11728.20000000,0.376
1749264057,0.37440000,11899.40000000,0.376
1749264057,0.37430000,15113.60000000,0.376
1749264057,0.37420000,12367.00000000,0.376
1749264057,0.37410000,6425.30000000,0.376
1749264057,0.37400000,14500.70000000,0.376
1749264057,0.37390000,9625.10000000,0.376
1749264057,0.37380000,11029.90000000,0.376
1749264057,0.37370000,115312.30000000,0.376
1749264057,0.37360000,15281.30000000,0.376
1749264057,0.37350000,9600.10000000,0.376
1749264057,0.37340000,13904.60000000,0.376
1749264057,0.37330000,12284.90000000,0.376
1749264057,0.37320000,10393.10000000,0.376
1749264057,0.37310000,8148.30000000,0.376
1749264057,0.37300000,12998.00000000,0.376
1749264057,0.37290000,5522.90000000,0.376
1749264057,0.37280000,16324.30000000,0.376
1749264057,0.37270000,8130.00000000,0.376
1749264057,0.37260000,9556.40000000,0.376
1749264057,0.37250000,13657.10000000,0.376
1749264057,0.37240000,9519.30000000,0.376
1749264057,0.37230000,19078.20000000,0.376
1749264057,0.37220000,2642.30000000,0.376
1749264057,0.37210000,8131.30000000,0.376
1749264057,0.37200000,5022.40000000,0.376
1749264057,0.37190000,6145.90000000,0.376
1749264057,0.37180000,2642.30000000,0.376
1749264057,0.37170000,419.30000000,0.376
1749264057,0.37160000,2642.40000000,0.376
1749264057,0.37150000,7054.40000000,0.376
1749264057,0.37140000,26.90000000,0.376
1749264057,0.37130000,3021.90000000,0.376
1749264057,0.37120000,3640.60000000,0.376
1749264057,0.37110000,118.10000000,0.376
1749264057,0.37100000,2776.80000000,0.376
1749264057,0.37090000,2685.80000000,0.376
1749264057,0.37080000,457.40000000,0.376
1749264057,0.37070000,28571.40000000,0.376
1749264057,0.37060000,17145.60000000,0.376
1749264057,0.37050000,1082.20000000,0.376
1749264057,0.37040000,56.50000000,0.376
1749264057,0.37030000,2662.20000000,0.376
1749264057,0.37020000,81869.70000000,0.376
1749264057,0.37010000,2943.30000000,0.376
1749264057,0.37000000,1068892.10000000,0.376
1749264057,0.36990000,9719.80000000,0.376
1749264057,0.36980000,4387.30000000,0.376
1749264057,0.36970000,46.80000000,0.376
1749264057,0.36960000,26.70000000,0.376
1749264057,0.36950000,97.10000000,0.376
1749264057,0.36940000,140.70000000,0.376
1749264057,0.36930000,2689.40000000,0.376
1749264057,0.36920000,2171.90000000,0.376
1749264057,0.36910000,63.00000000,0.376
1749264057,0.36900000,26.60000000,0.376
1749264057,0.36890000,114.50000000,0.376
1749264057,0.36880000,522692.50000000,0.376
1749264057,0.36870000,13749.50000000,0.376
1749264057,0.36860000,2610.40000000,0.376
1749264057,0.36850000,69.50000000,0.376
1749264057,0.36840000,26.60000000,0.376
1749264057,0.36830000,5330.50000000,0.376
1749264057,0.36810000,2433.60000000,0.376
1749264057,0.36800000,3413.70000000,0.376
1749264057,0.36780000,6827.60000000,0.376
1749264057,0.36770000,29.90000000,0.376
1749264057,0.36760000,2913.50000000,0.376
1749264057,0.36730000,2641.50000000,0.376
1749264057,0.36700000,3291.00000000,0.376
1749264057,0.36680000,2615.40000000,0.376
1749264057,0.36670000,545.40000000,0.376
1749264057,0.36660000,5123.30000000,0.376
1749264057,0.36650000,512.50000000,0.376
1749264057,0.36630000,2638.80000000,0.376
1749264057,0.36620000,63.10000000,0.376
1749264057,0.36610000,1357.90000000,0.376
1749264057,0.36600000,3082.10000000,0.376
1749264057,0.36590000,3634.70000000,0.376
1749264057,0.36580000,273.30000000,0.376
1749264057,0.36550000,630.50000000,0.376
1749264057,0.36540000,2126.20000000,0.376
1749264057,0.36520000,4289.40000000,0.376
1749264057,0.36500000,3656.60000000,0.376
1749264057,0.36490000,2740.40000000,0.376
1749264057,0.36480000,38.80000000,0.376
1749264359,0.37600000,11281.60000000,0.376
1749264359,0.37590000,19693.10000000,0.376
1749264359,0.37580000,39787.30000000,0.376
1749264359,0.37570000,37324.20000000,0.376
1749264359,0.37560000,84395.00000000,0.376
1749264359,0.37550000,47713.40000000,0.376
1749264359,0.37540000,34695.80000000,0.376
1749264359,0.37530000,29721.60000000,0.376
1749264359,0.37520000,11848.60000000,0.376
1749264359,0.37510000,27326.60000000,0.376
1749264359,0.37500000,3500.70000000,0.376
1749264359,0.37490000,37372.20000000,0.376
1749264359,0.37480000,9203.10000000,0.376
1749264359,0.37470000,6414.70000000,0.376
1749264359,0.37460000,12223.80000000,0.376
1749264359,0.37450000,11729.50000000,0.376
1749264359,0.37440000,11294.70000000,0.376
1749264359,0.37430000,16481.90000000,0.376
1749264359,0.37420000,11771.90000000,0.376
1749264359,0.37410000,6405.20000000,0.376
1749264359,0.37400000,13934.80000000,0.376
1749264359,0.37390000,10256.50000000,0.376
1749264359,0.37380000,121524.20000000,0.376
1749264359,0.37370000,9023.20000000,0.376
1749264359,0.37360000,13899.30000000,0.376
1749264359,0.37350000,8536.60000000,0.376
1749264359,0.37340000,13904.60000000,0.376
1749264359,0.37330000,9025.80000000,0.376
1749264359,0.37320000,11457.50000000,0.376
1749264359,0.37310000,8148.30000000,0.376
1749264359,0.37300000,12998.00000000,0.376
1749264359,0.37290000,5522.90000000,0.376
1749264359,0.37280000,16324.30000000,0.376
1749264359,0.37270000,8130.00000000,0.376
1749264359,0.37260000,9556.40000000,0.376
1749264359,0.37250000,13657.10000000,0.376
1749264359,0.37240000,9519.30000000,0.376
1749264359,0.37230000,5508.00000000,0.376
1749264359,0.37220000,3178.70000000,0.376
1749264359,0.37210000,8131.30000000,0.376
1749264359,0.37200000,5078.80000000,0.376
1749264359,0.37190000,6145.90000000,0.376
1749264359,0.37180000,2642.30000000,0.376
1749264359,0.37170000,419.30000000,0.376
1749264359,0.37160000,2642.40000000,0.376
1749264359,0.37150000,7054.40000000,0.376
1749264359,0.37140000,13630.00000000,0.376
1749264359,0.37130000,3021.90000000,0.376
1749264359,0.37120000,2642.10000000,0.376
1749264359,0.37110000,118.10000000,0.376
1749264359,0.37100000,4044.80000000,0.376
1749264359,0.37090000,2685.80000000,0.376
1749264359,0.37080000,457.40000000,0.376
1749264359,0.37070000,28302.20000000,0.376
1749264359,0.37060000,17145.60000000,0.376
1749264359,0.37050000,81.90000000,0.376
1749264359,0.37040000,56.50000000,0.376
1749264359,0.37030000,83636.90000000,0.376
1749264359,0.37020000,2152.90000000,0.376
1749264359,0.37010000,2943.30000000,0.376
1749264359,0.37000000,1054967.80000000,0.376
1749264359,0.36990000,9719.80000000,0.376
1749264359,0.36980000,4387.30000000,0.376
1749264359,0.36970000,46.80000000,0.376
1749264359,0.36960000,26.70000000,0.376
1749264359,0.36950000,97.10000000,0.376
1749264359,0.36940000,140.70000000,0.376
1749264359,0.36930000,2689.40000000,0.376
1749264359,0.36920000,2171.90000000,0.376
1749264359,0.36910000,63.00000000,0.376
1749264359,0.36900000,26.60000000,0.376
1749264359,0.36890000,114.50000000,0.376
1749264359,0.36880000,531464.70000000,0.376
1749264359,0.36870000,13749.50000000,0.376
1749264359,0.36860000,2152.80000000,0.376
1749264359,0.36850000,69.50000000,0.376
1749264359,0.36840000,14442.70000000,0.376
1749264359,0.36830000,5330.50000000,0.376
1749264359,0.36810000,2162.50000000,0.376
1749264359,0.36800000,2606.60000000,0.376
1749264359,0.36780000,6827.60000000,0.376
1749264359,0.36770000,29.90000000,0.376
1749264359,0.36760000,2913.50000000,0.376
1749264359,0.36730000,2641.50000000,0.376
1749264359,0.36700000,3291.00000000,0.376
1749264359,0.36680000,2615.40000000,0.376
1749264359,0.36670000,545.40000000,0.376
1749264359,0.36660000,5123.30000000,0.376
1749264359,0.36650000,512.50000000,0.376
1749264359,0.36630000,2638.80000000,0.376
1749264359,0.36620000,144.90000000,0.376
1749264359,0.36610000,1357.90000000,0.376
1749264359,0.36600000,3082.10000000,0.376
1749264359,0.36590000,3634.70000000,0.376
1749264359,0.36580000,273.30000000,0.376
1749264359,0.36550000,630.50000000,0.376
1749264359,0.36540000,2126.20000000,0.376
1749264359,0.36520000,4289.40000000,0.376
1749264359,0.36500000,3656.60000000,0.376
1749264359,0.36490000,2740.40000000,0.376
1749264660,0.37620000,12018.20000000,0.3763
1749264660,0.37610000,24785.60000000,0.3763
1749264660,0.37600000,40557.80000000,0.3763
1749264660,0.37590000,31551.70000000,0.3763
1749264660,0.37580000,40810.70000000,0.3763
1749264660,0.37570000,78584.30000000,0.3763
1749264660,0.37560000,33400.40000000,0.3763
1749264660,0.37550000,30056.30000000,0.3763
1749264660,0.37540000,27309.20000000,0.3763
1749264660,0.37530000,10272.40000000,0.3763
1749264660,0.37520000,3738.20000000,0.3763
1749264660,0.37510000,14266.10000000,0.3763
1749264660,0.37500000,12498.20000000,0.3763
1749264660,0.37490000,28192.40000000,0.3763
1749264660,0.37480000,18603.50000000,0.3763
1749264660,0.37470000,6414.70000000,0.3763
1749264660,0.37460000,13553.80000000,0.3763
1749264660,0.37450000,12948.60000000,0.3763
1749264660,0.37440000,11274.60000000,0.3763
1749264660,0.37430000,17170.40000000,0.3763
1749264660,0.37420000,11751.80000000,0.3763
1749264660,0.37410000,6405.20000000,0.3763
1749264660,0.37400000,17723.00000000,0.3763
1749264660,0.37390000,9015.30000000,0.3763
1749264660,0.37380000,11029.90000000,0.3763
1749264660,0.37370000,115300.60000000,0.3763
1749264660,0.37360000,13899.30000000,0.3763
1749264660,0.37350000,8536.60000000,0.3763
1749264660,0.37340000,13904.60000000,0.3763
1749264660,0.37330000,9025.80000000,0.3763
1749264660,0.37320000,14614.40000000,0.3763
1749264660,0.37310000,8148.30000000,0.3763
1749264660,0.37300000,14062.90000000,0.3763
1749264660,0.37290000,5522.90000000,0.3763
1749264660,0.37280000,7580.10000000,0.3763
1749264660,0.37270000,8130.00000000,0.3763
1749264660,0.37260000,10092.20000000,0.3763
1749264660,0.37250000,7714.70000000,0.3763
1749264660,0.37240000,16554.40000000,0.3763
1749264660,0.37230000,1402.80000000,0.3763
1749264660,0.37220000,4578.50000000,0.3763
1749264660,0.37210000,6948.20000000,0.3763
1749264660,0.37200000,141.00000000,0.3763
1749264660,0.37190000,4788.70000000,0.3763
1749264660,0.37180000,2642.30000000,0.3763
1749264660,0.37170000,16653.00000000,0.3763
1749264660,0.37160000,2642.40000000,0.3763
1749264660,0.37150000,2662.60000000,0.3763
1749264660,0.37140000,26.90000000,0.3763
1749264660,0.37130000,3290.70000000,0.3763
1749264660,0.37120000,4591.30000000,0.3763
1749264660,0.37110000,118.10000000,0.3763
1749264660,0.37100000,3775.80000000,0.3763
1749264660,0.37090000,2685.80000000,0.3763
1749264660,0.37080000,457.40000000,0.3763
1749264660,0.37070000,10183.60000000,0.3763
1749264660,0.37060000,15462.50000000,0.3763
1749264660,0.37050000,81.90000000,0.3763
1749264660,0.37040000,8155.90000000,0.3763
1749264660,0.37030000,82370.20000000,0.3763
1749264660,0.37020000,2152.90000000,0.3763
1749264660,0.37010000,18734.20000000,0.3763
1749264660,0.37000000,1046859.70000000,0.3763
1749264660,0.36990000,9719.80000000,0.3763
1749264660,0.36980000,4387.30000000,0.3763
1749264660,0.36970000,46.80000000,0.3763
1749264660,0.36960000,26.70000000,0.3763
1749264660,0.36950000,97.10000000,0.3763
1749264660,0.36940000,140.70000000,0.3763
1749264660,0.36930000,2689.40000000,0.3763
1749264660,0.36920000,26.70000000,0.3763
1749264660,0.36910000,527230.50000000,0.3763
1749264660,0.36900000,26.60000000,0.3763
1749264660,0.36890000,114.50000000,0.3763
1749264660,0.36880000,3447.40000000,0.3763
1749264660,0.36870000,14020.20000000,0.3763
1749264660,0.36860000,2126.20000000,0.3763
1749264660,0.36850000,42.90000000,0.3763
1749264660,0.36830000,5330.50000000,0.3763
1749264660,0.36810000,2162.50000000,0.3763
1749264660,0.36800000,2606.60000000,0.3763
1749264660,0.36780000,6827.60000000,0.3763
1749264660,0.36770000,29.90000000,0.3763
1749264660,0.36760000,2913.50000000,0.3763
1749264660,0.36730000,2641.50000000,0.3763
1749264660,0.36700000,3291.00000000,0.3763
1749264660,0.36680000,2697.10000000,0.3763
1749264660,0.36670000,545.40000000,0.3763
1749264660,0.36660000,5123.30000000,0.3763
1749264660,0.36650000,512.50000000,0.3763
1749264660,0.36640000,28050.70000000,0.3763
1749264660,0.36630000,2638.80000000,0.3763
1749264660,0.36620000,63.10000000,0.3763
1749264660,0.36610000,1357.90000000,0.3763
1749264660,0.36600000,3082.10000000,0.3763
1749264660,0.36590000,3634.70000000,0.3763
1749264660,0.36580000,273.30000000,0.3763
1749264660,0.36550000,630.50000000,0.3763
1749264660,0.36540000,2126.20000000,0.3763
1749264660,0.36520000,4289.40000000,0.3763
1749264962,0.37690000,8051.10000000,0.3769
1749264962,0.37680000,15119.40000000,0.3769
1749264962,0.37670000,29126.90000000,0.3769
1749264962,0.37660000,60992.60000000,0.3769
1749264962,0.37650000,28837.30000000,0.3769
1749264962,0.37640000,64240.20000000,0.3769
1749264962,0.37630000,52666.50000000,0.3769
1749264962,0.37620000,28252.80000000,0.3769
1749264962,0.37610000,11758.20000000,0.3769
1749264962,0.37600000,18313.60000000,0.3769
1749264962,0.37590000,6909.00000000,0.3769
1749264962,0.37580000,33151.90000000,0.3769
1749264962,0.37570000,12139.90000000,0.3769
1749264962,0.37560000,6462.20000000,0.3769
1749264962,0.37550000,16680.90000000,0.3769
1749264962,0.37540000,12329.20000000,0.3769
1749264962,0.37530000,11827.20000000,0.3769
1749264962,0.37520000,6454.80000000,0.3769
1749264962,0.37510000,20405.00000000,0.3769
1749264962,0.37500000,7227.30000000,0.3769
1749264962,0.37490000,6523.80000000,0.3769
1749264962,0.37480000,13879.50000000,0.3769
1749264962,0.37470000,7003.10000000,0.3769
1749264962,0.37460000,119561.20000000,0.3769
1749264962,0.37450000,15315.70000000,0.3769
1749264962,0.37440000,11274.60000000,0.3769
1749264962,0.37430000,9015.30000000,0.3769
1749264962,0.37420000,15064.30000000,0.3769
1749264962,0.37410000,6405.20000000,0.3769
1749264962,0.37400000,13934.80000000,0.3769
1749264962,0.37390000,10077.70000000,0.3769
1749264962,0.37380000,11029.90000000,0.3769
1749264962,0.37370000,9023.20000000,0.3769
1749264962,0.37360000,13899.30000000,0.3769
1749264962,0.37350000,7636.60000000,0.3769
1749264962,0.37340000,21115.50000000,0.3769
1749264962,0.37330000,17596.80000000,0.3769
1749264962,0.37320000,16810.00000000,0.3769
1749264962,0.37310000,8148.30000000,0.3769
1749264962,0.37300000,7578.70000000,0.3769
1749264962,0.37290000,62.00000000,0.3769
1749264962,0.37280000,2642.30000000,0.3769
1749264962,0.37270000,2662.50000000,0.3769
1749264962,0.37260000,4617.30000000,0.3769
1749264962,0.37250000,2774.30000000,0.3769
1749264962,0.37240000,3283.10000000,0.3769
1749264962,0.37230000,47.10000000,0.3769
1749264962,0.37220000,4586.30000000,0.3769
1749264962,0.37210000,6948.20000000,0.3769
1749264962,0.37200000,141.00000000,0.3769
1749264962,0.37190000,14542.80000000,0.3769
1749264962,0.37180000,15049.50000000,0.3769
1749264962,0.37170000,15655.90000000,0.3769
1749264962,0.37160000,1422.40000000,0.3769
1749264962,0.37150000,2662.60000000,0.3769
1749264962,0.37140000,26.90000000,0.3769
1749264962,0.37130000,62.20000000,0.3769
1749264962,0.37120000,24603.30000000,0.3769
1749264962,0.37110000,91136.10000000,0.3769
1749264962,0.37100000,9726.00000000,0.3769
1749264962,0.37090000,2685.80000000,0.3769
1749264962,0.37080000,457.40000000,0.3769
1749264962,0.37070000,46.80000000,0.3769
1749264962,0.37060000,2642.10000000,0.3769
1749264962,0.37050000,351.30000000,0.3769
1749264962,0.37040000,56.50000000,0.3769
1749264962,0.37030000,2662.20000000,0.3769
1749264962,0.37020000,2152.90000000,0.3769
1749264962,0.37010000,5150.20000000,0.3769
1749264962,0.37000000,1036170.00000000,0.3769
1749264962,0.36990000,46.80000000,0.3769
1749264962,0.36980000,4387.30000000,0.3769
1749264962,0.36970000,519985.00000000,0.3769
1749264962,0.36960000,2837.50000000,0.3769
1749264962,0.36950000,13770.00000000,0.3769
1749264962,0.36940000,597.20000000,0.3769
1749264962,0.36930000,2662.70000000,0.3769
1749264962,0.36910000,36.30000000,0.3769
1749264962,0.36880000,2615.40000000,0.3769
1749264962,0.36860000,6059.90000000,0.3769
1749264962,0.36850000,22.70000000,0.3769
1749264962,0.36830000,5330.50000000,0.3769
1749264962,0.36800000,592.30000000,0.3769
1749264962,0.36780000,3189.40000000,0.3769
1749264962,0.36770000,29.90000000,0.3769
1749264962,0.36760000,2913.50000000,0.3769
1749264962,0.36730000,2641.50000000,0.3769
1749264962,0.36700000,3372.70000000,0.3769
1749264962,0.36680000,2615.40000000,0.3769
1749264962,0.36670000,545.40000000,0.3769
1749264962,0.36660000,5123.30000000,0.3769
1749264962,0.36650000,512.50000000,0.3769
1749264962,0.36640000,28050.70000000,0.3769
1749264962,0.36630000,2638.80000000,0.3769
1749264962,0.36620000,63.10000000,0.3769
1749264962,0.36610000,1357.90000000,0.3769
1749264962,0.36600000,3082.10000000,0.3769
1749264962,0.36590000,3634.70000000,0.3769
1749264962,0.36580000,273.30000000,0.3769
1749264962,0.36550000,630.50000000,0.3769
1749265263,0.37640000,17333.50000000,0.3765
1749265263,0.37630000,23850.80000000,0.3765
1749265263,0.37620000,47906.70000000,0.3765
1749265263,0.37610000,36228.30000000,0.3765
1749265263,0.37600000,59328.20000000,0.3765
1749265263,0.37590000,41866.70000000,0.3765
1749265263,0.37580000,29950.50000000,0.3765
1749265263,0.37570000,18224.40000000,0.3765
1749265263,0.37560000,7251.10000000,0.3765
1749265263,0.37550000,8419.10000000,0.3765
1749265263,0.37540000,12830.90000000,0.3765
1749265263,0.37530000,38364.60000000,0.3765
1749265263,0.37520000,6088.70000000,0.3765
1749265263,0.37510000,16086.70000000,0.3765
1749265263,0.37500000,11731.10000000,0.3765
1749265263,0.37490000,7117.80000000,0.3765
1749265263,0.37480000,13879.50000000,0.3765
1749265263,0.37470000,13089.70000000,0.3765
1749265263,0.37460000,14122.00000000,0.3765
1749265263,0.37450000,11709.40000000,0.3765
1749265263,0.37440000,11274.60000000,0.3765
1749265263,0.37430000,9015.30000000,0.3765
1749265263,0.37420000,117901.20000000,0.3765
1749265263,0.37410000,6405.20000000,0.3765
1749265263,0.37400000,17238.10000000,0.3765
1749265263,0.37390000,9015.30000000,0.3765
1749265263,0.37380000,11282.60000000,0.3765
1749265263,0.37370000,8123.20000000,0.3765
1749265263,0.37360000,12999.30000000,0.3765
1749265263,0.37350000,7636.60000000,0.3765
1749265263,0.37340000,21115.50000000,0.3765
1749265263,0.37330000,8145.50000000,0.3765
1749265263,0.37320000,8366.00000000,0.3765
1749265263,0.37310000,10080.60000000,0.3765
1749265263,0.37300000,8932.40000000,0.3765
1749265263,0.37290000,62.00000000,0.3765
1749265263,0.37280000,21377.70000000,0.3765
1749265263,0.37270000,31048.20000000,0.3765
1749265263,0.37260000,4617.30000000,0.3765
1749265263,0.37250000,2774.30000000,0.3765
1749265263,0.37240000,3283.10000000,0.3765
1749265263,0.37230000,47.10000000,0.3765
1749265263,0.37220000,4586.30000000,0.3765
1749265263,0.37210000,2662.50000000,0.3765
1749265263,0.37200000,4492.30000000,0.3765
1749265263,0.37190000,5798.80000000,0.3765
1749265263,0.37180000,16448.80000000,0.3765
1749265263,0.37170000,24724.20000000,0.3765
1749265263,0.37160000,27.00000000,0.3765
1749265263,0.37150000,2662.60000000,0.3765
1749265263,0.37140000,26.90000000,0.3765
1749265263,0.37130000,62.20000000,0.3765
1749265263,0.37120000,16252.50000000,0.3765
1749265263,0.37110000,1063.10000000,0.3765
1749265263,0.37100000,20718.00000000,0.3765
1749265263,0.37090000,2685.80000000,0.3765
1749265263,0.37080000,8548.00000000,0.3765
1749265263,0.37070000,79658.80000000,0.3765
1749265263,0.37060000,2642.10000000,0.3765
1749265263,0.37050000,81.90000000,0.3765
1749265263,0.37040000,56.50000000,0.3765
1749265263,0.37030000,2662.20000000,0.3765
1749265263,0.37020000,2152.90000000,0.3765
1749265263,0.37010000,5083.30000000,0.3765
1749265263,0.37000000,1036170.00000000,0.3765
1749265263,0.36990000,46.80000000,0.3765
1749265263,0.36980000,4387.30000000,0.3765
1749265263,0.36970000,72.20000000,0.3765
1749265263,0.36960000,830.20000000,0.3765
1749265263,0.36950000,13770.00000000,0.3765
1749265263,0.36940000,140.60000000,0.3765
1749265263,0.36930000,537363.40000000,0.3765
1749265263,0.36920000,2628.40000000,0.3765
1749265263,0.36910000,1878.10000000,0.3765
1749265263,0.36900000,26.60000000,0.3765
1749265263,0.36890000,26.60000000,0.3765
1749265263,0.36880000,2615.40000000,0.3765
1749265263,0.36860000,2126.20000000,0.3765
1749265263,0.36850000,22.70000000,0.3765
1749265263,0.36830000,5330.50000000,0.3765
1749265263,0.36810000,4128.50000000,0.3765
1749265263,0.36800000,592.30000000,0.3765
1749265263,0.36780000,3189.40000000,0.3765
1749265263,0.36770000,29.90000000,0.3765
1749265263,0.36760000,2913.50000000,0.3765
1749265263,0.36730000,2641.50000000,0.3765
1749265263,0.36700000,3291.00000000,0.3765
1749265263,0.36680000,81.70000000,0.3765
1749265263,0.36670000,545.40000000,0.3765
1749265263,0.36660000,5123.30000000,0.3765
1749265263,0.36650000,512.50000000,0.3765
1749265263,0.36640000,28050.70000000,0.3765
1749265263,0.36630000,23.40000000,0.3765
1749265263,0.36620000,63.10000000,0.3765
1749265263,0.36610000,1357.90000000,0.3765
1749265263,0.36600000,3082.10000000,0.3765
1749265263,0.36590000,1019.30000000,0.3765
1749265263,0.36580000,273.30000000,0.3765
1749265263,0.36550000,630.50000000,0.3765
1749265263,0.36540000,2126.20000000,0.3765
1749265564,0.37730000,10838.70000000,0.3774
1749265564,0.37720000,19328.30000000,0.3774
1749265564,0.37710000,40796.50000000,0.3774
1749265564,0.37700000,68798.30000000,0.3774
1749265564,0.37690000,31282.90000000,0.3774
1749265564,0.37680000,41615.80000000,0.3774
1749265564,0.37670000,86097.00000000,0.3774
1749265564,0.37660000,32624.40000000,0.3774
1749265564,0.37650000,25799.80000000,0.3774
1749265564,0.37640000,7509.20000000,0.3774
1749265564,0.37630000,9524.40000000,0.3774
1749265564,0.37620000,36880.70000000,0.3774
1749265564,0.37610000,9524.40000000,0.3774
1749265564,0.37600000,8690.50000000,0.3774
1749265564,0.37590000,10151.70000000,0.3774
1749265564,0.37580000,6450.80000000,0.3774
1749265564,0.37570000,18429.40000000,0.3774
1749265564,0.37560000,12667.90000000,0.3774
1749265564,0.37550000,13647.70000000,0.3774
1749265564,0.37540000,11074.30000000,0.3774
1749265564,0.37530000,11807.20000000,0.3774
1749265564,0.37520000,5847.40000000,0.3774
1749265564,0.37510000,19448.30000000,0.3774
1749265564,0.37500000,111853.60000000,0.3774
1749265564,0.37490000,9671.80000000,0.3774
1749265564,0.37480000,13879.50000000,0.3774
1749265564,0.37470000,6394.60000000,0.3774
1749265564,0.37460000,13533.70000000,0.3774
1749265564,0.37450000,10099.90000000,0.3774
1749265564,0.37440000,11274.60000000,0.3774
1749265564,0.37430000,9015.30000000,0.3774
1749265564,0.37420000,14164.30000000,0.3774
1749265564,0.37410000,5540.30000000,0.3774
1749265564,0.37400000,13034.80000000,0.3774
1749265564,0.37390000,8115.30000000,0.3774
1749265564,0.37380000,4963.30000000,0.3774
1749265564,0.37370000,8123.20000000,0.3774
1749265564,0.37360000,7580.00000000,0.3774
1749265564,0.37350000,7636.60000000,0.3774
1749265564,0.37340000,21115.50000000,0.3774
1749265564,0.37330000,7622.40000000,0.3774
1749265564,0.37320000,45584.10000000,0.3774
1749265564,0.37310000,4613.10000000,0.3774
1749265564,0.37300000,3995.90000000,0.3774
1749265564,0.37290000,62.00000000,0.3774
1749265564,0.37280000,2642.30000000,0.3774
1749265564,0.37270000,21207.50000000,0.3774
1749265564,0.37260000,4617.30000000,0.3774
1749265564,0.37250000,2774.30000000,0.3774
1749265564,0.37240000,3255.80000000,0.3774
1749265564,0.37230000,47.10000000,0.3774
1749265564,0.37220000,1970.90000000,0.3774
1749265564,0.37210000,2662.50000000,0.3774
1749265564,0.37200000,13722.20000000,0.3774
1749265564,0.37190000,2186.80000000,0.3774
1749265564,0.37180000,17445.60000000,0.3774
1749265564,0.37170000,8873.00000000,0.3774
1749265564,0.37160000,8368.80000000,0.3774
1749265564,0.37150000,82099.90000000,0.3774
1749265564,0.37140000,26.90000000,0.3774
1749265564,0.37130000,62.20000000,0.3774
1749265564,0.37120000,2642.10000000,0.3774
1749265564,0.37110000,2198.60000000,0.3774
1749265564,0.37100000,21448.00000000,0.3774
1749265564,0.37090000,2685.80000000,0.3774
1749265564,0.37080000,457.40000000,0.3774
1749265564,0.37070000,46.80000000,0.3774
1749265564,0.37060000,2642.10000000,0.3774
1749265564,0.37050000,81.90000000,0.3774
1749265564,0.37040000,56.50000000,0.3774
1749265564,0.37030000,2662.20000000,0.3774
1749265564,0.37020000,521210.70000000,0.3774
1749265564,0.37010000,3010.80000000,0.3774
1749265564,0.37000000,1036169.80000000,0.3774
1749265564,0.36990000,46.60000000,0.3774
1749265564,0.36980000,4657.00000000,0.3774
1749265564,0.36970000,20.10000000,0.3774
1749265564,0.36960000,803.60000000,0.3774
1749265564,0.36950000,13743.40000000,0.3774
1749265564,0.36940000,114.00000000,0.3774
1749265564,0.36930000,2642.60000000,0.3774
1749265564,0.36920000,3058.70000000,0.3774
1749265564,0.36910000,1561.00000000,0.3774
1749265564,0.36900000,17.60000000,0.3774
1749265564,0.36890000,3212.00000000,0.3774
1749265564,0.36880000,2615.40000000,0.3774
1749265564,0.36860000,2126.20000000,0.3774
1749265564,0.36850000,22.70000000,0.3774
1749265564,0.36830000,5330.50000000,0.3774
1749265564,0.36800000,592.30000000,0.3774
1749265564,0.36780000,3189.40000000,0.3774
1749265564,0.36770000,29.90000000,0.3774
1749265564,0.36760000,2913.50000000,0.3774
1749265564,0.36730000,2641.50000000,0.3774
1749265564,0.36700000,3291.00000000,0.3774
1749265564,0.36670000,545.40000000,0.3774
1749265564,0.36660000,5123.30000000,0.3774
1749265564,0.36650000,512.50000000,0.3774
1749265564,0.36640000,28050.70000000,0.3774
1749265564,0.36630000,23.40000000,0.3774
1749265866,0.37760000,2313.40000000,0.3777
1749265866,0.37750000,12352.40000000,0.3777
1749265866,0.37740000,17723.00000000,0.3777
1749265866,0.37730000,59454.50000000,0.3777
1749265866,0.37720000,63143.00000000,0.3777
1749265866,0.37710000,36448.30000000,0.3777
1749265866,0.37700000,55056.70000000,0.3777
1749265866,0.37690000,68275.90000000,0.3777
1749265866,0.37680000,12745.20000000,0.3777
1749265866,0.37670000,19136.00000000,0.3777
1749265866,0.37660000,9998.80000000,0.3777
1749265866,0.37650000,53767.10000000,0.3777
1749265866,0.37640000,13313.00000000,0.3777
1749265866,0.37630000,9524.40000000,0.3777
1749265866,0.37620000,5851.70000000,0.3777
1749265866,0.37610000,14041.50000000,0.3777
1749265866,0.37600000,8690.50000000,0.3777
1749265866,0.37590000,7511.10000000,0.3777
1749265866,0.37580000,7093.20000000,0.3777
1749265866,0.37570000,19608.70000000,0.3777
1749265866,0.37560000,12081.10000000,0.3777
1749265866,0.37550000,12411.80000000,0.3777
1749265866,0.37540000,11074.30000000,0.3777
1749265866,0.37530000,117635.80000000,0.3777
1749265866,0.37520000,5847.40000000,0.3777
1749265866,0.37510000,20210.20000000,0.3777
1749265866,0.37500000,9242.60000000,0.3777
1749265866,0.37490000,9671.80000000,0.3777
1749265866,0.37480000,13879.50000000,0.3777
1749265866,0.37470000,5494.60000000,0.3777
1749265866,0.37460000,12982.10000000,0.3777
1749265866,0.37450000,8139.20000000,0.3777
1749265866,0.37440000,10374.60000000,0.3777
1749265866,0.37430000,8115.30000000,0.3777
1749265866,0.37420000,10851.80000000,0.3777
1749265866,0.37410000,8519.50000000,0.3777
1749265866,0.37400000,13034.80000000,0.3777
1749265866,0.37390000,35347.60000000,0.3777
1749265866,0.37380000,23137.20000000,0.3777
1749265866,0.37370000,8123.20000000,0.3777
1749265866,0.37360000,7580.00000000,0.3777
1749265866,0.37350000,7113.50000000,0.3777
1749265866,0.37340000,21115.50000000,0.3777
1749265866,0.37330000,7622.40000000,0.3777
1749265866,0.37320000,442.50000000,0.3777
1749265866,0.37310000,4613.10000000,0.3777
1749265866,0.37300000,3995.90000000,0.3777
1749265866,0.37290000,62.00000000,0.3777
1749265866,0.37280000,2642.30000000,0.3777
1749265866,0.37270000,21207.50000000,0.3777
1749265866,0.37260000,4617.30000000,0.3777
1749265866,0.37250000,2774.30000000,0.3777
1749265866,0.37240000,25094.10000000,0.3777
1749265866,0.37230000,47.10000000,0.3777
1749265866,0.37220000,1970.90000000,0.3777
1749265866,0.37210000,2662.50000000,0.3777
1749265866,0.37200000,15116.20000000,0.3777
1749265866,0.37190000,2442.10000000,0.3777
1749265866,0.37180000,82013.80000000,0.3777
1749265866,0.37170000,73.20000000,0.3777
1749265866,0.37160000,29638.50000000,0.3777
1749265866,0.37150000,2662.60000000,0.3777
1749265866,0.37140000,26.90000000,0.3777
1749265866,0.37130000,62.20000000,0.3777
1749265866,0.37120000,2642.10000000,0.3777
1749265866,0.37110000,2181.10000000,0.3777
1749265866,0.37100000,161.40000000,0.3777
1749265866,0.37090000,2685.80000000,0.3777
1749265866,0.37080000,457.40000000,0.3777
1749265866,0.37070000,46.80000000,0.3777
1749265866,0.37060000,2642.10000000,0.3777
1749265866,0.37050000,81.90000000,0.3777
1749265866,0.37040000,522716.70000000,0.3777
1749265866,0.37030000,2695.30000000,0.3777
1749265866,0.37020000,2152.90000000,0.3777
1749265866,0.37010000,3010.80000000,0.3777
1749265866,0.37000000,1036143.30000000,0.3777
1749265866,0.36990000,20.10000000,0.3777
1749265866,0.36980000,9243.70000000,0.3777
1749265866,0.36970000,20.10000000,0.3777
1749265866,0.36960000,803.60000000,0.3777
1749265866,0.36950000,13743.40000000,0.3777
1749265866,0.36940000,114.00000000,0.3777
1749265866,0.36930000,2642.60000000,0.3777
1749265866,0.36910000,16.20000000,0.3777
1749265866,0.36890000,3212.00000000,0.3777
1749265866,0.36880000,2615.40000000,0.3777
1749265866,0.36860000,2126.20000000,0.3777
1749265866,0.36850000,22.70000000,0.3777
1749265866,0.36830000,5330.50000000,0.3777
1749265866,0.36800000,592.30000000,0.3777
1749265866,0.36780000,3189.40000000,0.3777
1749265866,0.36770000,29.90000000,0.3777
1749265866,0.36760000,2913.50000000,0.3777
1749265866,0.36730000,2641.50000000,0.3777
1749265866,0.36700000,3291.00000000,0.3777
1749265866,0.36670000,545.40000000,0.3777
1749265866,0.36660000,5123.30000000,0.3777
1749265866,0.36650000,512.50000000,0.3777
1749265866,0.36640000,28050.70000000,0.3777
1749266167,0.37830000,8950.90000000,0.3783
1749266167,0.37820000,25412.30000000,0.3783
1749266167,0.37810000,25301.30000000,0.3783
1749266167,0.37800000,52053.10000000,0.3783
1749266167,0.37790000,77019.80000000,0.3783
1749266167,0.37780000,23966.80000000,0.3783
1749266167,0.37770000,27329.50000000,0.3783
1749266167,0.37760000,51603.60000000,0.3783
1749266167,0.37750000,19715.60000000,0.3783
1749266167,0.37740000,7685.00000000,0.3783
1749266167,0.37730000,12414.90000000,0.3783
1749266167,0.37720000,50270.90000000,0.3783
1749266167,0.37710000,12289.30000000,0.3783
1749266167,0.37700000,8456.60000000,0.3783
1749266167,0.37690000,9524.20000000,0.3783
1749266167,0.37680000,6065.50000000,0.3783
1749266167,0.37670000,16341.30000000,0.3783
1749266167,0.37660000,7561.90000000,0.3783
1749266167,0.37650000,11511.40000000,0.3783
1749266167,0.37640000,19768.30000000,0.3783
1749266167,0.37630000,14092.10000000,0.3783
1749266167,0.37620000,5517.60000000,0.3783
1749266167,0.37610000,119736.10000000,0.3783
1749266167,0.37600000,7549.70000000,0.3783
1749266167,0.37590000,14925.80000000,0.3783
1749266167,0.37580000,6159.90000000,0.3783
1749266167,0.37570000,16132.80000000,0.3783
1749266167,0.37560000,4964.30000000,0.3783
1749266167,0.37550000,11205.20000000,0.3783
1749266167,0.37540000,10174.30000000,0.3783
1749266167,0.37530000,10907.20000000,0.3783
1749266167,0.37520000,4947.40000000,0.3783
1749266167,0.37510000,18251.20000000,0.3783
1749266167,0.37500000,8342.60000000,0.3783
1749266167,0.37490000,5623.80000000,0.3783
1749266167,0.37480000,12979.50000000,0.3783
1749266167,0.37470000,27313.30000000,0.3783
1749266167,0.37460000,8770.10000000,0.3783
1749266167,0.37450000,12706.30000000,0.3783
1749266167,0.37440000,40759.80000000,0.3783
1749266167,0.37430000,8115.30000000,0.3783
1749266167,0.37420000,5432.50000000,0.3783
1749266167,0.37410000,2009.10000000,0.3783
1749266167,0.37400000,4407.80000000,0.3783
1749266167,0.37390000,2662.30000000,0.3783
1749266167,0.37380000,26.80000000,0.3783
1749266167,0.37370000,2662.30000000,0.3783
1749266167,0.37360000,2642.20000000,0.3783
1749266167,0.37350000,2173.10000000,0.3783
1749266167,0.37340000,2642.20000000,0.3783
1749266167,0.37330000,6893.30000000,0.3783
1749266167,0.37320000,2303.90000000,0.3783
1749266167,0.37310000,2680.80000000,0.3783
1749266167,0.37300000,2642.20000000,0.3783
1749266167,0.37290000,62.00000000,0.3783
1749266167,0.37280000,13578.90000000,0.3783
1749266167,0.37270000,19498.60000000,0.3783
1749266167,0.37260000,79244.10000000,0.3783
1749266167,0.37250000,9207.60000000,0.3783
1749266167,0.37240000,24098.90000000,0.3783
1749266167,0.37230000,47.10000000,0.3783
1749266167,0.37220000,26.90000000,0.3783
1749266167,0.37210000,2662.50000000,0.3783
1749266167,0.37200000,141.00000000,0.3783
1749266167,0.37190000,2173.30000000,0.3783
1749266167,0.37180000,2642.30000000,0.3783
1749266167,0.37170000,73.20000000,0.3783
1749266167,0.37160000,20299.30000000,0.3783
1749266167,0.37150000,2662.60000000,0.3783
1749266167,0.37140000,26.90000000,0.3783
1749266167,0.37130000,62.20000000,0.3783
1749266167,0.37120000,2642.10000000,0.3783
1749266167,0.37110000,2225.60000000,0.3783
1749266167,0.37100000,525818.50000000,0.3783
1749266167,0.37090000,2685.80000000,0.3783
1749266167,0.37080000,457.20000000,0.3783
1749266167,0.37070000,20.10000000,0.3783
1749266167,0.37060000,3070.60000000,0.3783
1749266167,0.37050000,324.60000000,0.3783
1749266167,0.37040000,831.70000000,0.3783
1749266167,0.37030000,16279.00000000,0.3783
1749266167,0.37020000,2126.20000000,0.3783
1749266167,0.37010000,2964.00000000,0.3783
1749266167,0.37000000,1036143.30000000,0.3783
1749266167,0.36980000,8517.60000000,0.3783
1749266167,0.36950000,2999.40000000,0.3783
1749266167,0.36940000,114.00000000,0.3783
1749266167,0.36930000,2615.40000000,0.3783
1749266167,0.36910000,16.20000000,0.3783
1749266167,0.36880000,2615.40000000,0.3783
1749266167,0.36860000,2126.20000000,0.3783
1749266167,0.36850000,22.70000000,0.3783
1749266167,0.36830000,5330.50000000,0.3783
1749266167,0.36800000,592.30000000,0.3783
1749266167,0.36780000,3189.40000000,0.3783
1749266167,0.36770000,29.90000000,0.3783
1749266167,0.36760000,2913.50000000,0.3783
1749266167,0.36730000,2641.50000000,0.3783
1749266167,0.36700000,3291.00000000,0.3783
1749266167,0.36670000,545.40000000,0.3783
1749266469,0.37730000,15894.50000000,0.3773
1749266469,0.37720000,34565.10000000,0.3773
1749266469,0.37710000,46704.40000000,0.3773
1749266469,0.37700000,58976.70000000,0.3773
1749266469,0.37690000,56838.80000000,0.3773
1749266469,0.37680000,19425.40000000,0.3773
1749266469,0.37670000,30415.20000000,0.3773
1749266469,0.37660000,10020.30000000,0.3773
1749266469,0.37650000,9966.10000000,0.3773
1749266469,0.37640000,15057.20000000,0.3773
1749266469,0.37630000,35973.50000000,0.3773
1749266469,0.37620000,9595.70000000,0.3773
1749266469,0.37610000,14406.90000000,0.3773
1749266469,0.37600000,8372.40000000,0.3773
1749266469,0.37590000,10888.90000000,0.3773
1749266469,0.37580000,7715.20000000,0.3773
1749266469,0.37570000,16725.50000000,0.3773
1749266469,0.37560000,11726.60000000,0.3773
1749266469,0.37550000,11812.40000000,0.3773
1749266469,0.37540000,14782.40000000,0.3773
1749266469,0.37530000,10907.20000000,0.3773
1749266469,0.37520000,4947.40000000,0.3773
1749266469,0.37510000,124127.80000000,0.3773
1749266469,0.37500000,8342.60000000,0.3773
1749266469,0.37490000,5623.80000000,0.3773
1749266469,0.37480000,12979.50000000,0.3773
1749266469,0.37470000,5494.60000000,0.3773
1749266469,0.37460000,7576.60000000,0.3773
1749266469,0.37450000,12706.30000000,0.3773
1749266469,0.37440000,4955.30000000,0.3773
1749266469,0.37430000,7592.20000000,0.3773
1749266469,0.37420000,5432.50000000,0.3773
1749266469,0.37410000,3070.90000000,0.3773
1749266469,0.37400000,4407.80000000,0.3773
1749266469,0.37390000,16174.40000000,0.3773
1749266469,0.37380000,26.80000000,0.3773
1749266469,0.37370000,47263.80000000,0.3773
1749266469,0.37360000,2642.20000000,0.3773
1749266469,0.37350000,2173.10000000,0.3773
1749266469,0.37340000,2642.20000000,0.3773
1749266469,0.37330000,2682.00000000,0.3773
1749266469,0.37320000,6191.20000000,0.3773
1749266469,0.37310000,2680.80000000,0.3773
1749266469,0.37300000,2642.20000000,0.3773
1749266469,0.37290000,1055.90000000,0.3773
1749266469,0.37280000,26.90000000,0.3773
1749266469,0.37270000,19498.60000000,0.3773
1749266469,0.37260000,294.80000000,0.3773
1749266469,0.37250000,13939.50000000,0.3773
1749266469,0.37240000,10046.60000000,0.3773
1749266469,0.37230000,47.10000000,0.3773
1749266469,0.37220000,26.90000000,0.3773
1749266469,0.37210000,3658.50000000,0.3773
1749266469,0.37200000,13722.20000000,0.3773
1749266469,0.37190000,2173.30000000,0.3773
1749266469,0.37180000,2910.70000000,0.3773
1749266469,0.37170000,98174.90000000,0.3773
1749266469,0.37160000,9673.20000000,0.3773
1749266469,0.37150000,2662.60000000,0.3773
1749266469,0.37140000,26.90000000,0.3773
1749266469,0.37130000,62.20000000,0.3773
1749266469,0.37120000,2708.80000000,0.3773
1749266469,0.37110000,2181.10000000,0.3773
1749266469,0.37100000,161.40000000,0.3773
1749266469,0.37090000,2685.80000000,0.3773
1749266469,0.37080000,522.50000000,0.3773
1749266469,0.37070000,46.60000000,0.3773
1749266469,0.37060000,2641.90000000,0.3773
1749266469,0.37050000,81.70000000,0.3773
1749266469,0.37040000,14498.00000000,0.3773
1749266469,0.37030000,2662.00000000,0.3773
1749266469,0.37020000,2608.40000000,0.3773
1749266469,0.37010000,528957.50000000,0.3773
1749266469,0.37000000,1036169.80000000,0.3773
1749266469,0.36990000,2893.20000000,0.3773
1749266469,0.36980000,5946.60000000,0.3773
1749266469,0.36950000,2999.40000000,0.3773
1749266469,0.36940000,114.00000000,0.3773
1749266469,0.36930000,2615.40000000,0.3773
1749266469,0.36910000,16.20000000,0.3773
1749266469,0.36880000,2615.40000000,0.3773
1749266469,0.36860000,2126.20000000,0.3773
1749266469,0.36850000,22.70000000,0.3773
1749266469,0.36830000,5411.90000000,0.3773
1749266469,0.36800000,592.30000000,0.3773
1749266469,0.36780000,3189.40000000,0.3773
1749266469,0.36770000,57.00000000,0.3773
1749266469,0.36760000,2913.50000000,0.3773
1749266469,0.36730000,2641.50000000,0.3773
1749266469,0.36700000,3291.00000000,0.3773
1749266469,0.36670000,545.40000000,0.3773
1749266469,0.36660000,5123.30000000,0.3773
1749266469,0.36650000,512.50000000,0.3773
1749266469,0.36640000,28050.70000000,0.3773
1749266469,0.36630000,23.40000000,0.3773
1749266469,0.36620000,63.10000000,0.3773
1749266469,0.36610000,1357.90000000,0.3773
1749266469,0.36600000,5814.70000000,0.3773
1749266469,0.36590000,1019.30000000,0.3773
1749266469,0.36580000,273.30000000,0.3773
1749266770,0.37830000,1402.90000000,0.3784
1749266770,0.37820000,15300.30000000,0.3784
1749266770,0.37810000,16946.60000000,0.3784
1749266770,0.37800000,30657.20000000,0.3784
1749266770,0.37790000,45435.30000000,0.3784
1749266770,0.37780000,32722.10000000,0.3784
1749266770,0.37770000,40920.90000000,0.3784
1749266770,0.37760000,37919.30000000,0.3784
1749266770,0.37750000,23254.80000000,0.3784
1749266770,0.37740000,4813.70000000,0.3784
1749266770,0.37730000,23633.10000000,0.3784
1749266770,0.37720000,35815.10000000,0.3784
1749266770,0.37710000,17521.50000000,0.3784
1749266770,0.37700000,7557.90000000,0.3784
1749266770,0.37690000,12556.80000000,0.3784
1749266770,0.37680000,4947.70000000,0.3784
1749266770,0.37670000,10750.50000000,0.3784
1749266770,0.37660000,8164.20000000,0.3784
1749266770,0.37650000,12284.60000000,0.3784
1749266770,0.37640000,20147.10000000,0.3784
1749266770,0.37630000,13500.40000000,0.3784
1749266770,0.37620000,111100.20000000,0.3784
1749266770,0.37610000,14111.80000000,0.3784
1749266770,0.37600000,10846.30000000,0.3784
1749266770,0.37590000,14543.20000000,0.3784
1749266770,0.37580000,5102.90000000,0.3784
1749266770,0.37570000,17190.10000000,0.3784
1749266770,0.37560000,4985.50000000,0.3784
1749266770,0.37550000,10904.60000000,0.3784
1749266770,0.37540000,10174.30000000,0.3784
1749266770,0.37530000,10907.20000000,0.3784
1749266770,0.37520000,4947.40000000,0.3784
1749266770,0.37510000,18251.20000000,0.3784
1749266770,0.37500000,5037.20000000,0.3784
1749266770,0.37490000,19099.90000000,0.3784
1749266770,0.37480000,7560.20000000,0.3784
1749266770,0.37470000,5494.60000000,0.3784
1749266770,0.37460000,7576.60000000,0.3784
1749266770,0.37450000,12706.30000000,0.3784
1749266770,0.37440000,4955.30000000,0.3784
1749266770,0.37430000,2963.60000000,0.3784
1749266770,0.37420000,5432.50000000,0.3784
1749266770,0.37410000,2009.10000000,0.3784
1749266770,0.37400000,4500.30000000,0.3784
1749266770,0.37390000,2662.30000000,0.3784
1749266770,0.37380000,26.80000000,0.3784
1749266770,0.37370000,17893.30000000,0.3784
1749266770,0.37360000,5231.20000000,0.3784
1749266770,0.37350000,4110.30000000,0.3784
1749266770,0.37340000,2642.20000000,0.3784
1749266770,0.37330000,2682.00000000,0.3784
1749266770,0.37320000,97.70000000,0.3784
1749266770,0.37310000,13606.50000000,0.3784
1749266770,0.37300000,2642.20000000,0.3784
1749266770,0.37290000,62.00000000,0.3784
1749266770,0.37280000,26.90000000,0.3784
1749266770,0.37270000,83241.10000000,0.3784
1749266770,0.37260000,8078.50000000,0.3784
1749266770,0.37250000,158.90000000,0.3784
1749266770,0.37240000,2642.30000000,0.3784
1749266770,0.37230000,47.10000000,0.3784
1749266770,0.37220000,26.90000000,0.3784
1749266770,0.37210000,4791.00000000,0.3784
1749266770,0.37200000,1422.40000000,0.3784
1749266770,0.37190000,2173.30000000,0.3784
1749266770,0.37180000,2642.30000000,0.3784
1749266770,0.37170000,73.20000000,0.3784
1749266770,0.37160000,27.00000000,0.3784
1749266770,0.37150000,2662.60000000,0.3784
1749266770,0.37140000,26.90000000,0.3784
1749266770,0.37130000,62.20000000,0.3784
1749266770,0.37120000,16319.20000000,0.3784
1749266770,0.37110000,531050.00000000,0.3784
1749266770,0.37100000,161.40000000,0.3784
1749266770,0.37090000,2685.60000000,0.3784
1749266770,0.37080000,522.50000000,0.3784
1749266770,0.37070000,20.10000000,0.3784
1749266770,0.37060000,2615.40000000,0.3784
1749266770,0.37050000,55.20000000,0.3784
1749266770,0.37040000,831.70000000,0.3784
1749266770,0.37030000,2615.40000000,0.3784
1749266770,0.37020000,2159.20000000,0.3784
1749266770,0.37010000,2896.50000000,0.3784
1749266770,0.37000000,1036159.50000000,0.3784
1749266770,0.36980000,4360.60000000,0.3784
1749266770,0.36950000,2999.40000000,0.3784
1749266770,0.36940000,114.00000000,0.3784
1749266770,0.36930000,2615.40000000,0.3784
1749266770,0.36910000,16.20000000,0.3784
1749266770,0.36880000,2615.40000000,0.3784
1749266770,0.36860000,2126.20000000,0.3784
1749266770,0.36850000,104.00000000,0.3784
1749266770,0.36830000,5330.50000000,0.3784
1749266770,0.36800000,592.30000000,0.3784
1749266770,0.36780000,3189.40000000,0.3784
1749266770,0.36770000,57.00000000,0.3784
1749266770,0.36760000,2913.50000000,0.3784
1749266770,0.36730000,2641.50000000,0.3784
1749266770,0.36700000,3291.00000000,0.3784
1749266770,0.36670000,545.40000000,0.3784
1749267072,0.37830000,842.50000000,0.3784
1749267072,0.37820000,10770.20000000,0.3784
1749267072,0.37810000,21654.30000000,0.3784
1749267072,0.37800000,46325.00000000,0.3784
1749267072,0.37790000,47159.90000000,0.3784
1749267072,0.37780000,48457.10000000,0.3784
1749267072,0.37770000,39343.80000000,0.3784
1749267072,0.37760000,13426.90000000,0.3784
1749267072,0.37750000,21752.60000000,0.3784
1749267072,0.37740000,10034.20000000,0.3784
1749267072,0.37730000,20682.90000000,0.3784
1749267072,0.37720000,40239.30000000,0.3784
1749267072,0.37710000,6008.80000000,0.3784
1749267072,0.37700000,7557.90000000,0.3784
1749267072,0.37690000,8624.20000000,0.3784
1749267072,0.37680000,11131.00000000,0.3784
1749267072,0.37670000,10750.50000000,0.3784
1749267072,0.37660000,7563.20000000,0.3784
1749267072,0.37650000,12284.60000000,0.3784
1749267072,0.37640000,7543.20000000,0.3784
1749267072,0.37630000,13500.40000000,0.3784
1749267072,0.37620000,4931.70000000,0.3784
1749267072,0.37610000,14739.50000000,0.3784
1749267072,0.37600000,116482.20000000,0.3784
1749267072,0.37590000,14543.20000000,0.3784
1749267072,0.37580000,5102.90000000,0.3784
1749267072,0.37570000,17190.10000000,0.3784
1749267072,0.37560000,4985.50000000,0.3784
1749267072,0.37550000,11205.00000000,0.3784
1749267072,0.37540000,10174.30000000,0.3784
1749267072,0.37530000,10907.20000000,0.3784
1749267072,0.37520000,4947.40000000,0.3784
1749267072,0.37510000,18251.20000000,0.3784
1749267072,0.37500000,5037.20000000,0.3784
1749267072,0.37490000,19099.90000000,0.3784
1749267072,0.37480000,7560.20000000,0.3784
1749267072,0.37470000,5494.60000000,0.3784
1749267072,0.37460000,7576.60000000,0.3784
1749267072,0.37450000,12706.30000000,0.3784
1749267072,0.37440000,4955.30000000,0.3784
1749267072,0.37430000,2662.30000000,0.3784
1749267072,0.37420000,5432.50000000,0.3784
1749267072,0.37410000,2009.10000000,0.3784
1749267072,0.37400000,4500.30000000,0.3784
1749267072,0.37390000,2662.30000000,0.3784
1749267072,0.37380000,26.80000000,0.3784
1749267072,0.37370000,17893.30000000,0.3784
1749267072,0.37360000,5231.20000000,0.3784
1749267072,0.37350000,26495.90000000,0.3784
1749267072,0.37340000,2642.20000000,0.3784
1749267072,0.37330000,2682.00000000,0.3784
1749267072,0.37320000,97.70000000,0.3784
1749267072,0.37310000,65.40000000,0.3784
1749267072,0.37300000,2642.20000000,0.3784
1749267072,0.37290000,62.00000000,0.3784
1749267072,0.37280000,26.90000000,0.3784
1749267072,0.37270000,25528.90000000,0.3784
1749267072,0.37260000,8078.50000000,0.3784
1749267072,0.37250000,79385.80000000,0.3784
1749267072,0.37240000,2642.30000000,0.3784
1749267072,0.37230000,13617.30000000,0.3784
1749267072,0.37220000,26.90000000,0.3784
1749267072,0.37210000,4791.00000000,0.3784
1749267072,0.37200000,1422.40000000,0.3784
1749267072,0.37190000,2173.30000000,0.3784
1749267072,0.37180000,2642.30000000,0.3784
1749267072,0.37170000,73.20000000,0.3784
1749267072,0.37160000,27.00000000,0.3784
1749267072,0.37150000,2662.60000000,0.3784
1749267072,0.37140000,26.90000000,0.3784
1749267072,0.37130000,62.20000000,0.3784
1749267072,0.37120000,16319.20000000,0.3784
1749267072,0.37110000,518363.30000000,0.3784
1749267072,0.37100000,161.40000000,0.3784
1749267072,0.37090000,2685.60000000,0.3784
1749267072,0.37080000,5327.10000000,0.3784
1749267072,0.37070000,20.10000000,0.3784
1749267072,0.37060000,2615.40000000,0.3784
1749267072,0.37050000,55.20000000,0.3784
1749267072,0.37040000,831.70000000,0.3784
1749267072,0.37030000,6108.40000000,0.3784
1749267072,0.37020000,2126.20000000,0.3784
1749267072,0.37010000,2896.50000000,0.3784
1749267072,0.37000000,1036159.50000000,0.3784
1749267072,0.36980000,4360.60000000,0.3784
1749267072,0.36950000,50.30000000,0.3784
1749267072,0.36940000,114.00000000,0.3784
1749267072,0.36930000,2615.40000000,0.3784
1749267072,0.36910000,16.20000000,0.3784
1749267072,0.36880000,2615.40000000,0.3784
1749267072,0.36860000,2207.50000000,0.3784
1749267072,0.36850000,22.70000000,0.3784
1749267072,0.36830000,5330.50000000,0.3784
1749267072,0.36800000,592.30000000,0.3784
1749267072,0.36780000,3189.40000000,0.3784
1749267072,0.36770000,57.00000000,0.3784
1749267072,0.36760000,2913.50000000,0.3784
1749267072,0.36730000,2641.50000000,0.3784
1749267072,0.36700000,3291.00000000,0.3784
1749267072,0.36670000,545.40000000,0.3784
1749267374,0.37850000,5357.50000000,0.3786
1749267374,0.37840000,19614.40000000,0.3786
1749267374,0.37830000,19568.50000000,0.3786
1749267374,0.37820000,46176.10000000,0.3786
1749267374,0.37810000,51947.80000000,0.3786
1749267374,0.37800000,29272.80000000,0.3786
1749267374,0.37790000,43673.10000000,0.3786
1749267374,0.37780000,19027.20000000,0.3786
1749267374,0.37770000,17058.50000000,0.3786
1749267374,0.37760000,9545.70000000,0.3786
1749267374,0.37750000,15074.50000000,0.3786
1749267374,0.37740000,45420.50000000,0.3786
1749267374,0.37730000,17378.40000000,0.3786
1749267374,0.37720000,7774.10000000,0.3786
1749267374,0.37710000,10478.60000000,0.3786
1749267374,0.37700000,7556.60000000,0.3786
1749267374,0.37690000,13517.60000000,0.3786
1749267374,0.37680000,11100.50000000,0.3786
1749267374,0.37670000,10750.50000000,0.3786
1749267374,0.37660000,7563.20000000,0.3786
1749267374,0.37650000,12284.60000000,0.3786
1749267374,0.37640000,7543.20000000,0.3786
1749267374,0.37630000,119072.10000000,0.3786
1749267374,0.37620000,4931.70000000,0.3786
1749267374,0.37610000,14739.50000000,0.3786
1749267374,0.37600000,10846.30000000,0.3786
1749267374,0.37590000,14543.20000000,0.3786
1749267374,0.37580000,6159.90000000,0.3786
1749267374,0.37570000,16132.80000000,0.3786
1749267374,0.37560000,4985.50000000,0.3786
1749267374,0.37550000,10904.60000000,0.3786
1749267374,0.37540000,10174.30000000,0.3786
1749267374,0.37530000,10907.20000000,0.3786
1749267374,0.37520000,4947.40000000,0.3786
1749267374,0.37510000,12831.90000000,0.3786
1749267374,0.37500000,5037.20000000,0.3786
1749267374,0.37490000,5623.80000000,0.3786
1749267374,0.37480000,7560.20000000,0.3786
1749267374,0.37470000,5494.60000000,0.3786
1749267374,0.37460000,7576.60000000,0.3786
1749267374,0.37450000,12706.30000000,0.3786
1749267374,0.37440000,5256.50000000,0.3786
1749267374,0.37430000,3006.00000000,0.3786
1749267374,0.37420000,5432.50000000,0.3786
1749267374,0.37410000,13586.90000000,0.3786
1749267374,0.37400000,2806.10000000,0.3786
1749267374,0.37390000,2662.30000000,0.3786
1749267374,0.37380000,26.80000000,0.3786
1749267374,0.37370000,17893.30000000,0.3786
1749267374,0.37360000,6223.20000000,0.3786
1749267374,0.37350000,23299.20000000,0.3786
1749267374,0.37340000,2642.20000000,0.3786
1749267374,0.37330000,2682.00000000,0.3786
1749267374,0.37320000,365.10000000,0.3786
1749267374,0.37310000,65.40000000,0.3786
1749267374,0.37300000,2642.20000000,0.3786
1749267374,0.37290000,62.00000000,0.3786
1749267374,0.37280000,1021.10000000,0.3786
1749267374,0.37270000,110103.20000000,0.3786
1749267374,0.37260000,26.90000000,0.3786
1749267374,0.37250000,158.90000000,0.3786
1749267374,0.37240000,2910.30000000,0.3786
1749267374,0.37230000,13617.30000000,0.3786
1749267374,0.37220000,26.90000000,0.3786
1749267374,0.37210000,4791.00000000,0.3786
1749267374,0.37200000,1422.40000000,0.3786
1749267374,0.37190000,2173.30000000,0.3786
1749267374,0.37180000,2642.30000000,0.3786
1749267374,0.37170000,73.20000000,0.3786
1749267374,0.37160000,27.00000000,0.3786
1749267374,0.37150000,2662.60000000,0.3786
1749267374,0.37140000,26.90000000,0.3786
1749267374,0.37130000,512882.60000000,0.3786
1749267374,0.37120000,16319.20000000,0.3786
1749267374,0.37110000,46.90000000,0.3786
1749267374,0.37100000,184.10000000,0.3786
1749267374,0.37090000,3113.90000000,0.3786
1749267374,0.37080000,4576.50000000,0.3786
1749267374,0.37070000,20.10000000,0.3786
