timestamp,price,volume,current_price
1749254460,0.26930000,2539.00000000,0.2694
1749254460,0.26920000,41230.00000000,0.2694
1749254460,0.26910000,59580.00000000,0.2694
1749254460,0.26900000,50773.00000000,0.2694
1749254460,0.26890000,59137.00000000,0.2694
1749254460,0.26880000,34782.00000000,0.2694
1749254460,0.26870000,49819.00000000,0.2694
1749254460,0.26860000,5409.00000000,0.2694
1749254460,0.26850000,73692.00000000,0.2694
1749254460,0.26840000,3672.00000000,0.2694
1749254460,0.26830000,42300.00000000,0.2694
1749254460,0.26820000,42229.00000000,0.2694
1749254460,0.26810000,6179.00000000,0.2694
1749254460,0.26800000,75082.00000000,0.2694
1749254460,0.26790000,4572.00000000,0.2694
1749254460,0.26780000,2769.00000000,0.2694
1749254460,0.26770000,2770.00000000,0.2694
1749254460,0.26760000,2437.00000000,0.2694
1749254460,0.26750000,1881.00000000,0.2694
1749254460,0.26740000,1661.00000000,0.2694
1749254460,0.26730000,55738.00000000,0.2694
1749254460,0.26720000,1661.00000000,0.2694
1749254460,0.26710000,1612.00000000,0.2694
1749254460,0.26700000,5347.00000000,0.2694
1749254460,0.26690000,4667.00000000,0.2694
1749254460,0.26680000,1633.00000000,0.2694
1749254460,0.26670000,24890.00000000,0.2694
1749254460,0.26660000,36204.00000000,0.2694
1749254460,0.26650000,1612.00000000,0.2694
1749254460,0.26640000,4282.00000000,0.2694
1749254460,0.26630000,8634.00000000,0.2694
1749254460,0.26620000,4099.00000000,0.2694
1749254460,0.26610000,3698.00000000,0.2694
1749254460,0.26600000,245.00000000,0.2694
1749254460,0.26590000,4083.00000000,0.2694
1749254460,0.26580000,4328.00000000,0.2694
1749254460,0.26570000,2156.00000000,0.2694
1749254460,0.26560000,79.00000000,0.2694
1749254460,0.26550000,1644.00000000,0.2694
1749254460,0.26540000,108.00000000,0.2694
1749254460,0.26530000,1612.00000000,0.2694
1749254460,0.26520000,37.00000000,0.2694
1749254460,0.26510000,37.00000000,0.2694
1749254460,0.26500000,2434.00000000,0.2694
1749254460,0.26490000,37.00000000,0.2694
1749254460,0.26480000,37.00000000,0.2694
1749254460,0.26470000,5951.00000000,0.2694
1749254460,0.26460000,14525.00000000,0.2694
1749254460,0.26450000,64.00000000,0.2694
1749254460,0.26440000,37.00000000,0.2694
1749254460,0.26430000,37.00000000,0.2694
1749254460,0.26420000,37.00000000,0.2694
1749254460,0.26410000,37.00000000,0.2694
1749254460,0.26400000,37.00000000,0.2694
1749254460,0.26390000,37.00000000,0.2694
1749254460,0.26380000,37.00000000,0.2694
1749254460,0.26370000,37.00000000,0.2694
1749254460,0.26360000,58.00000000,0.2694
1749254460,0.26350000,38.00000000,0.2694
1749254460,0.26340000,38.00000000,0.2694
1749254460,0.26330000,38.00000000,0.2694
1749254460,0.26320000,1894.00000000,0.2694
1749254460,0.26310000,38.00000000,0.2694
1749254460,0.26300000,3238.00000000,0.2694
1749254460,0.26290000,38.00000000,0.2694
1749254460,0.26280000,38.00000000,0.2694
1749254460,0.26270000,38.00000000,0.2694
1749254460,0.26260000,12982.00000000,0.2694
1749254460,0.26250000,533.00000000,0.2694
1749254460,0.26240000,6004.00000000,0.2694
1749254460,0.26230000,38.00000000,0.2694
1749254460,0.26220000,58.00000000,0.2694
1749254460,0.26210000,38.00000000,0.2694
1749254460,0.26200000,114.00000000,0.2694
1749254460,0.26190000,38.00000000,0.2694
1749254460,0.26180000,38.00000000,0.2694
1749254460,0.26160000,21.00000000,0.2694
1749254460,0.26150000,1558.00000000,0.2694
1749254460,0.26100000,71.00000000,0.2694
1749254460,0.26090000,141.00000000,0.2694
1749254460,0.26070000,25.00000000,0.2694
1749254460,0.26050000,6426.00000000,0.2694
1749254460,0.26000000,2402.00000000,0.2694
1749254460,0.25960000,753.00000000,0.2694
1749254460,0.25950000,93.00000000,0.2694
1749254460,0.25920000,25.00000000,0.2694
1749254460,0.25900000,15527.00000000,0.2694
1749254460,0.25890000,68.00000000,0.2694
1749254460,0.25870000,150.00000000,0.2694
1749254460,0.25800000,20.00000000,0.2694
1749254460,0.25770000,21.00000000,0.2694
1749254460,0.25750000,22.00000000,0.2694
1749254460,0.25700000,505.00000000,0.2694
1749254460,0.25670000,266.00000000,0.2694
1749254460,0.25660000,4550.00000000,0.2694
1749254460,0.25650000,389.00000000,0.2694
1749254460,0.25640000,39.00000000,0.2694
1749254460,0.25630000,231.00000000,0.2694
1749254460,0.25610000,122.00000000,0.2694
1749254460,0.25600000,40.00000000,0.2694
1749254762,0.26950000,2541.00000000,0.2696
1749254762,0.26940000,36355.00000000,0.2696
1749254762,0.26930000,35643.00000000,0.2696
1749254762,0.26920000,36815.00000000,0.2696
1749254762,0.26910000,62241.00000000,0.2696
1749254762,0.26900000,48311.00000000,0.2696
1749254762,0.26890000,35689.00000000,0.2696
1749254762,0.26880000,13674.00000000,0.2696
1749254762,0.26870000,4718.00000000,0.2696
1749254762,0.26860000,5104.00000000,0.2696
1749254762,0.26850000,71238.00000000,0.2696
1749254762,0.26840000,7070.00000000,0.2696
1749254762,0.26830000,28978.00000000,0.2696
1749254762,0.26820000,49552.00000000,0.2696
1749254762,0.26810000,3541.00000000,0.2696
1749254762,0.26800000,68953.00000000,0.2696
1749254762,0.26790000,2749.00000000,0.2696
1749254762,0.26780000,3346.00000000,0.2696
1749254762,0.26770000,2770.00000000,0.2696
1749254762,0.26760000,3152.00000000,0.2696
1749254762,0.26750000,1777.00000000,0.2696
1749254762,0.26740000,1661.00000000,0.2696
1749254762,0.26730000,55738.00000000,0.2696
1749254762,0.26720000,1661.00000000,0.2696
1749254762,0.26710000,1612.00000000,0.2696
1749254762,0.26700000,5346.00000000,0.2696
1749254762,0.26690000,4765.00000000,0.2696
1749254762,0.26680000,1633.00000000,0.2696
1749254762,0.26670000,24890.00000000,0.2696
1749254762,0.26660000,36204.00000000,0.2696
1749254762,0.26650000,2909.00000000,0.2696
1749254762,0.26640000,4282.00000000,0.2696
1749254762,0.26630000,5220.00000000,0.2696
1749254762,0.26620000,4099.00000000,0.2696
1749254762,0.26610000,3698.00000000,0.2696
1749254762,0.26600000,4226.00000000,0.2696
1749254762,0.26590000,2079.00000000,0.2696
1749254762,0.26580000,4328.00000000,0.2696
1749254762,0.26570000,185.00000000,0.2696
1749254762,0.26560000,79.00000000,0.2696
1749254762,0.26550000,1644.00000000,0.2696
1749254762,0.26540000,108.00000000,0.2696
1749254762,0.26530000,1612.00000000,0.2696
1749254762,0.26520000,37.00000000,0.2696
1749254762,0.26510000,37.00000000,0.2696
1749254762,0.26500000,859.00000000,0.2696
1749254762,0.26490000,37.00000000,0.2696
1749254762,0.26480000,37.00000000,0.2696
1749254762,0.26470000,5951.00000000,0.2696
1749254762,0.26460000,12950.00000000,0.2696
1749254762,0.26450000,64.00000000,0.2696
1749254762,0.26440000,37.00000000,0.2696
1749254762,0.26430000,37.00000000,0.2696
1749254762,0.26420000,37.00000000,0.2696
1749254762,0.26410000,37.00000000,0.2696
1749254762,0.26400000,37.00000000,0.2696
1749254762,0.26390000,37.00000000,0.2696
1749254762,0.26380000,37.00000000,0.2696
1749254762,0.26370000,37.00000000,0.2696
1749254762,0.26360000,58.00000000,0.2696
1749254762,0.26350000,38.00000000,0.2696
1749254762,0.26340000,38.00000000,0.2696
1749254762,0.26330000,1884.00000000,0.2696
1749254762,0.26320000,38.00000000,0.2696
1749254762,0.26310000,38.00000000,0.2696
1749254762,0.26300000,3238.00000000,0.2696
1749254762,0.26290000,38.00000000,0.2696
1749254762,0.26280000,38.00000000,0.2696
1749254762,0.26270000,38.00000000,0.2696
1749254762,0.26260000,12982.00000000,0.2696
1749254762,0.26250000,533.00000000,0.2696
1749254762,0.26240000,6004.00000000,0.2696
1749254762,0.26230000,38.00000000,0.2696
1749254762,0.26220000,58.00000000,0.2696
1749254762,0.26210000,38.00000000,0.2696
1749254762,0.26200000,114.00000000,0.2696
1749254762,0.26170000,1557.00000000,0.2696
1749254762,0.26160000,21.00000000,0.2696
1749254762,0.26100000,71.00000000,0.2696
1749254762,0.26090000,141.00000000,0.2696
1749254762,0.26070000,25.00000000,0.2696
1749254762,0.26050000,6426.00000000,0.2696
1749254762,0.26000000,2402.00000000,0.2696
1749254762,0.25960000,753.00000000,0.2696
1749254762,0.25950000,93.00000000,0.2696
1749254762,0.25920000,25.00000000,0.2696
1749254762,0.25900000,15527.00000000,0.2696
1749254762,0.25890000,68.00000000,0.2696
1749254762,0.25870000,150.00000000,0.2696
1749254762,0.25800000,20.00000000,0.2696
1749254762,0.25770000,21.00000000,0.2696
1749254762,0.25750000,22.00000000,0.2696
1749254762,0.25700000,505.00000000,0.2696
1749254762,0.25670000,266.00000000,0.2696
1749254762,0.25660000,4550.00000000,0.2696
1749254762,0.25650000,389.00000000,0.2696
1749254762,0.25640000,39.00000000,0.2696
1749254762,0.25630000,231.00000000,0.2696
1749254762,0.25610000,122.00000000,0.2696
1749254762,0.25600000,40.00000000,0.2696
