timestamp,price,volume,current_price
1749258291,0.18600000,661.90000000,0.1861
1749258291,0.18590000,70770.00000000,0.1861
1749258291,0.18580000,127465.00000000,0.1861
1749258291,0.18570000,272323.80000000,0.1861
1749258291,0.18560000,130136.00000000,0.1861
1749258291,0.18550000,172100.50000000,0.1861
1749258291,0.18540000,83157.80000000,0.1861
1749258291,0.18530000,204933.80000000,0.1861
1749258291,0.18520000,54634.50000000,0.1861
1749258291,0.18510000,131624.50000000,0.1861
1749258291,0.18500000,31702.20000000,0.1861
1749258291,0.18490000,12412.20000000,0.1861
1749258291,0.18480000,20470.70000000,0.1861
1749258291,0.18470000,12549.10000000,0.1861
1749258291,0.18460000,36901.40000000,0.1861
1749258291,0.18450000,17717.00000000,0.1861
1749258291,0.18440000,36880.20000000,0.1861
1749258291,0.18430000,69210.40000000,0.1861
1749258291,0.18420000,19059.50000000,0.1861
1749258291,0.18410000,16222.80000000,0.1861
1749258291,0.18400000,12905.90000000,0.1861
1749258291,0.18390000,6682.80000000,0.1861
1749258291,0.18380000,12793.50000000,0.1861
1749258291,0.18370000,43515.80000000,0.1861
1749258291,0.18360000,12793.30000000,0.1861
1749258291,0.18350000,6395.00000000,0.1861
1749258291,0.18340000,155826.70000000,0.1861
1749258291,0.18330000,40095.00000000,0.1861
1749258291,0.18320000,7027.40000000,0.1861
1749258291,0.18310000,94.80000000,0.1861
1749258291,0.18300000,10530.30000000,0.1861
1749258291,0.18290000,5536.50000000,0.1861
1749258291,0.18280000,6532.30000000,0.1861
1749258291,0.18270000,94.80000000,0.1861
1749258291,0.18260000,6530.50000000,0.1861
1749258291,0.18250000,517.60000000,0.1861
1749258291,0.18240000,6452.40000000,0.1861
1749258291,0.18230000,3146.20000000,0.1861
1749258291,0.18220000,8157.90000000,0.1861
1749258291,0.18210000,10583.50000000,0.1861
1749258291,0.18200000,6867.30000000,0.1861
1749258291,0.18190000,1703.40000000,0.1861
1749258291,0.18180000,6485.90000000,0.1861
1749258291,0.18170000,54.10000000,0.1861
1749258291,0.18160000,458.20000000,0.1861
1749258291,0.18150000,114.30000000,0.1861
1749258291,0.18140000,14749.30000000,0.1861
1749258291,0.18130000,54.10000000,0.1861
1749258291,0.18120000,10704.00000000,0.1861
1749258291,0.18110000,54.10000000,0.1861
1749258291,0.18100000,54.10000000,0.1861
1749258291,0.18090000,167.50000000,0.1861
1749258291,0.18080000,54.10000000,0.1861
1749258291,0.18070000,54.10000000,0.1861
1749258291,0.18060000,54.10000000,0.1861
1749258291,0.18050000,54.10000000,0.1861
1749258291,0.18040000,87.40000000,0.1861
1749258291,0.18030000,900.80000000,0.1861
1749258291,0.18020000,1582.10000000,0.1861
1749258291,0.18010000,2736.30000000,0.1861
1749258291,0.18000000,38123.20000000,0.1861
1749258291,0.17990000,328.70000000,0.1861
1749258291,0.17980000,54.10000000,0.1861
1749258291,0.17970000,636.80000000,0.1861
1749258291,0.17960000,54.10000000,0.1861
1749258291,0.17950000,1246.00000000,0.1861
1749258291,0.17940000,1827.20000000,0.1861
1749258291,0.17930000,54.10000000,0.1861
1749258291,0.17920000,54.10000000,0.1861
1749258291,0.17910000,54.10000000,0.1861
1749258291,0.17900000,3407.20000000,0.1861
1749258291,0.17890000,53.60000000,0.1861
1749258291,0.17880000,53.70000000,0.1861
1749258291,0.17870000,53.70000000,0.1861
1749258291,0.17860000,10900.60000000,0.1861
1749258291,0.17850000,53.80000000,0.1861
1749258291,0.17830000,37.40000000,0.1861
1749258291,0.17820000,35.90000000,0.1861
1749258291,0.17810000,77.60000000,0.1861
1749258291,0.17800000,1665.50000000,0.1861
1749258291,0.17790000,100.00000000,0.1861
1749258291,0.17770000,56.20000000,0.1861
1749258291,0.17760000,2852.60000000,0.1861
1749258291,0.17750000,11072.50000000,0.1861
1749258291,0.17740000,79.00000000,0.1861
1749258291,0.17710000,31.60000000,0.1861
1749258291,0.17700000,9544.60000000,0.1861
1749258291,0.17690000,198.70000000,0.1861
1749258291,0.17680000,372.40000000,0.1861
1749258291,0.17670000,139.40000000,0.1861
1749258291,0.17650000,693.90000000,0.1861
1749258291,0.17640000,175.20000000,0.1861
1749258291,0.17630000,342.80000000,0.1861
1749258291,0.17620000,261.10000000,0.1861
1749258291,0.17610000,249.30000000,0.1861
1749258291,0.17600000,6457.10000000,0.1861
1749258291,0.17580000,30.00000000,0.1861
1749258291,0.17560000,1525.30000000,0.1861
1749258291,0.17550000,93.20000000,0.1861
1749258291,0.17540000,14155.00000000,0.1861
1749258605,0.18610000,65889.90000000,0.1861
1749258605,0.18600000,107728.70000000,0.1861
1749258605,0.18590000,127991.40000000,0.1861
1749258605,0.18580000,320267.70000000,0.1861
1749258605,0.18570000,203861.30000000,0.1861
1749258605,0.18560000,80114.10000000,0.1861
1749258605,0.18550000,152235.10000000,0.1861
1749258605,0.18540000,111881.30000000,0.1861
1749258605,0.18530000,34601.90000000,0.1861
1749258605,0.18520000,114386.00000000,0.1861
1749258605,0.18510000,30043.20000000,0.1861
1749258605,0.18500000,61785.50000000,0.1861
1749258605,0.18490000,14480.10000000,0.1861
1749258605,0.18480000,18266.90000000,0.1861
1749258605,0.18470000,71357.40000000,0.1861
1749258605,0.18460000,36766.60000000,0.1861
1749258605,0.18450000,17717.00000000,0.1861
1749258605,0.18440000,21019.50000000,0.1861
1749258605,0.18430000,12365.50000000,0.1861
1749258605,0.18420000,18925.20000000,0.1861
1749258605,0.18410000,34772.60000000,0.1861
1749258605,0.18400000,12960.00000000,0.1861
1749258605,0.18390000,6682.80000000,0.1861
1749258605,0.18380000,12793.50000000,0.1861
1749258605,0.18370000,49217.70000000,0.1861
1749258605,0.18360000,12793.30000000,0.1861
1749258605,0.18350000,95.00000000,0.1861
1749258605,0.18340000,155826.70000000,0.1861
1749258605,0.18330000,40095.00000000,0.1861
1749258605,0.18320000,7027.40000000,0.1861
1749258605,0.18310000,94.80000000,0.1861
1749258605,0.18300000,10475.90000000,0.1861
1749258605,0.18290000,5536.50000000,0.1861
1749258605,0.18280000,6532.30000000,0.1861
1749258605,0.18270000,94.80000000,0.1861
1749258605,0.18260000,6530.50000000,0.1861
1749258605,0.18250000,517.60000000,0.1861
1749258605,0.18240000,6452.40000000,0.1861
1749258605,0.18230000,17961.40000000,0.1861
1749258605,0.18220000,8157.90000000,0.1861
1749258605,0.18210000,10583.50000000,0.1861
1749258605,0.18200000,6867.30000000,0.1861
1749258605,0.18190000,1703.40000000,0.1861
1749258605,0.18180000,6485.90000000,0.1861
1749258605,0.18170000,54.10000000,0.1861
1749258605,0.18160000,458.20000000,0.1861
1749258605,0.18150000,114.30000000,0.1861
1749258605,0.18140000,54.10000000,0.1861
1749258605,0.18130000,54.10000000,0.1861
1749258605,0.18120000,10704.00000000,0.1861
1749258605,0.18110000,54.10000000,0.1861
1749258605,0.18100000,54.10000000,0.1861
1749258605,0.18090000,14428.90000000,0.1861
1749258605,0.18080000,12233.00000000,0.1861
1749258605,0.18070000,54.10000000,0.1861
1749258605,0.18060000,54.10000000,0.1861
1749258605,0.18050000,54.10000000,0.1861
1749258605,0.18040000,87.40000000,0.1861
1749258605,0.18030000,900.80000000,0.1861
1749258605,0.18020000,1582.10000000,0.1861
1749258605,0.18010000,2736.30000000,0.1861
1749258605,0.18000000,23312.40000000,0.1861
1749258605,0.17990000,328.70000000,0.1861
1749258605,0.17980000,54.10000000,0.1861
1749258605,0.17970000,636.80000000,0.1861
1749258605,0.17960000,54.10000000,0.1861
1749258605,0.17950000,8369.50000000,0.1861
1749258605,0.17940000,752.50000000,0.1861
1749258605,0.17930000,54.10000000,0.1861
1749258605,0.17920000,1130.00000000,0.1861
1749258605,0.17910000,54.10000000,0.1861
1749258605,0.17900000,3407.20000000,0.1861
1749258605,0.17890000,53.60000000,0.1861
1749258605,0.17880000,53.70000000,0.1861
1749258605,0.17870000,53.70000000,0.1861
1749258605,0.17860000,3826.30000000,0.1861
1749258605,0.17830000,37.40000000,0.1861
1749258605,0.17820000,35.90000000,0.1861
1749258605,0.17810000,77.60000000,0.1861
1749258605,0.17800000,1665.50000000,0.1861
1749258605,0.17790000,100.00000000,0.1861
1749258605,0.17770000,56.20000000,0.1861
1749258605,0.17760000,2852.60000000,0.1861
1749258605,0.17750000,11072.50000000,0.1861
1749258605,0.17740000,79.00000000,0.1861
1749258605,0.17710000,31.60000000,0.1861
1749258605,0.17700000,9544.60000000,0.1861
1749258605,0.17690000,198.70000000,0.1861
1749258605,0.17680000,372.40000000,0.1861
1749258605,0.17670000,139.40000000,0.1861
1749258605,0.17650000,693.90000000,0.1861
1749258605,0.17640000,175.20000000,0.1861
1749258605,0.17630000,342.80000000,0.1861
1749258605,0.17620000,261.10000000,0.1861
1749258605,0.17610000,249.30000000,0.1861
1749258605,0.17600000,6457.10000000,0.1861
1749258605,0.17580000,30.00000000,0.1861
1749258605,0.17570000,2670.00000000,0.1861
1749258605,0.17560000,1525.30000000,0.1861
1749258605,0.17550000,93.20000000,0.1861
1749258925,0.18630000,2653.00000000,0.1864
1749258925,0.18620000,62527.30000000,0.1864
1749258925,0.18610000,56975.70000000,0.1864
1749258925,0.18600000,271082.60000000,0.1864
1749258925,0.18590000,116037.60000000,0.1864
1749258925,0.18580000,75347.10000000,0.1864
1749258925,0.18570000,194488.70000000,0.1864
1749258925,0.18560000,113423.60000000,0.1864
1749258925,0.18550000,55281.20000000,0.1864
1749258925,0.18540000,95590.30000000,0.1864
1749258925,0.18530000,18493.60000000,0.1864
1749258925,0.18520000,92334.20000000,0.1864
1749258925,0.18510000,13080.90000000,0.1864
1749258925,0.18500000,26342.50000000,0.1864
1749258925,0.18490000,18176.20000000,0.1864
1749258925,0.18480000,18401.20000000,0.1864
1749258925,0.18470000,71357.40000000,0.1864
1749258925,0.18460000,36766.60000000,0.1864
1749258925,0.18450000,17851.30000000,0.1864
1749258925,0.18440000,18226.50000000,0.1864
1749258925,0.18430000,11828.30000000,0.1864
1749258925,0.18420000,19059.50000000,0.1864
1749258925,0.18410000,34235.40000000,0.1864
1749258925,0.18400000,12960.00000000,0.1864
1749258925,0.18390000,6817.10000000,0.1864
1749258925,0.18380000,12793.50000000,0.1864
1749258925,0.18370000,49217.70000000,0.1864
1749258925,0.18360000,6627.60000000,0.1864
1749258925,0.18350000,95.00000000,0.1864
1749258925,0.18340000,149526.70000000,0.1864
1749258925,0.18330000,40220.40000000,0.1864
1749258925,0.18320000,7027.40000000,0.1864
1749258925,0.18310000,94.80000000,0.1864
1749258925,0.18300000,10475.90000000,0.1864
1749258925,0.18290000,10778.10000000,0.1864
1749258925,0.18280000,6532.30000000,0.1864
1749258925,0.18270000,94.80000000,0.1864
1749258925,0.18260000,6530.50000000,0.1864
1749258925,0.18250000,517.60000000,0.1864
1749258925,0.18240000,6452.40000000,0.1864
1749258925,0.18230000,17961.40000000,0.1864
1749258925,0.18220000,8157.90000000,0.1864
1749258925,0.18210000,10583.50000000,0.1864
1749258925,0.18200000,6867.30000000,0.1864
1749258925,0.18190000,1703.40000000,0.1864
1749258925,0.18180000,6485.90000000,0.1864
1749258925,0.18170000,54.10000000,0.1864
1749258925,0.18160000,458.20000000,0.1864
1749258925,0.18150000,114.30000000,0.1864
1749258925,0.18140000,54.10000000,0.1864
1749258925,0.18130000,54.10000000,0.1864
1749258925,0.18120000,10704.00000000,0.1864
1749258925,0.18110000,54.10000000,0.1864
1749258925,0.18100000,54.10000000,0.1864
1749258925,0.18090000,14428.90000000,0.1864
1749258925,0.18080000,12233.00000000,0.1864
1749258925,0.18070000,54.10000000,0.1864
1749258925,0.18060000,54.10000000,0.1864
1749258925,0.18050000,54.10000000,0.1864
1749258925,0.18040000,87.40000000,0.1864
1749258925,0.18030000,900.80000000,0.1864
1749258925,0.18020000,1582.10000000,0.1864
1749258925,0.18010000,2736.30000000,0.1864
1749258925,0.18000000,23312.40000000,0.1864
1749258925,0.17990000,328.70000000,0.1864
1749258925,0.17980000,54.10000000,0.1864
1749258925,0.17970000,636.80000000,0.1864
1749258925,0.17960000,54.10000000,0.1864
1749258925,0.17950000,8369.50000000,0.1864
1749258925,0.17940000,1827.20000000,0.1864
1749258925,0.17930000,54.10000000,0.1864
1749258925,0.17920000,54.10000000,0.1864
1749258925,0.17910000,54.10000000,0.1864
1749258925,0.17900000,3407.20000000,0.1864
1749258925,0.17890000,53.60000000,0.1864
1749258925,0.17880000,53.70000000,0.1864
1749258925,0.17860000,3772.60000000,0.1864
1749258925,0.17830000,37.40000000,0.1864
1749258925,0.17820000,35.90000000,0.1864
1749258925,0.17810000,77.60000000,0.1864
1749258925,0.17800000,1665.50000000,0.1864
1749258925,0.17790000,100.00000000,0.1864
1749258925,0.17770000,56.20000000,0.1864
1749258925,0.17760000,2852.60000000,0.1864
1749258925,0.17750000,11072.50000000,0.1864
1749258925,0.17740000,79.00000000,0.1864
1749258925,0.17710000,31.60000000,0.1864
1749258925,0.17700000,9544.60000000,0.1864
1749258925,0.17690000,198.70000000,0.1864
1749258925,0.17680000,372.40000000,0.1864
1749258925,0.17670000,139.40000000,0.1864
1749258925,0.17650000,693.90000000,0.1864
1749258925,0.17640000,175.20000000,0.1864
1749258925,0.17630000,342.80000000,0.1864
1749258925,0.17620000,261.10000000,0.1864
1749258925,0.17610000,249.30000000,0.1864
1749258925,0.17600000,6457.10000000,0.1864
1749258925,0.17580000,30.00000000,0.1864
1749258925,0.17560000,1525.30000000,0.1864
1749258925,0.17550000,93.20000000,0.1864
1749259226,0.18600000,41474.00000000,0.186
1749259226,0.18590000,95204.40000000,0.186
1749259226,0.18580000,192415.70000000,0.186
1749259226,0.18570000,341555.00000000,0.186
1749259226,0.18560000,141236.80000000,0.186
1749259226,0.18550000,10054.80000000,0.186
1749259226,0.18540000,205390.00000000,0.186
1749259226,0.18530000,106718.30000000,0.186
1749259226,0.18520000,156620.40000000,0.186
1749259226,0.18510000,44866.40000000,0.186
1749259226,0.18500000,43061.10000000,0.186
1749259226,0.18490000,13747.70000000,0.186
1749259226,0.18480000,18942.20000000,0.186
1749259226,0.18470000,71357.60000000,0.186
1749259226,0.18460000,18267.00000000,0.186
1749259226,0.18450000,17851.30000000,0.186
1749259226,0.18440000,23468.50000000,0.186
1749259226,0.18430000,12365.50000000,0.186
1749259226,0.18420000,36900.60000000,0.186
1749259226,0.18410000,17336.10000000,0.186
1749259226,0.18400000,12960.00000000,0.186
1749259226,0.18390000,6817.10000000,0.186
1749259226,0.18380000,12793.50000000,0.186
1749259226,0.18370000,49217.70000000,0.186
1749259226,0.18360000,12927.60000000,0.186
1749259226,0.18350000,25005.50000000,0.186
1749259226,0.18340000,149526.70000000,0.186
1749259226,0.18330000,40220.40000000,0.186
1749259226,0.18320000,7027.40000000,0.186
1749259226,0.18310000,94.80000000,0.186
1749259226,0.18300000,10610.20000000,0.186
1749259226,0.18290000,10778.10000000,0.186
1749259226,0.18280000,6532.30000000,0.186
1749259226,0.18270000,94.80000000,0.186
1749259226,0.18260000,6530.50000000,0.186
1749259226,0.18250000,517.60000000,0.186
1749259226,0.18240000,6452.40000000,0.186
1749259226,0.18230000,17961.40000000,0.186
1749259226,0.18220000,8157.90000000,0.186
1749259226,0.18210000,10583.50000000,0.186
1749259226,0.18200000,6867.30000000,0.186
1749259226,0.18190000,1703.40000000,0.186
1749259226,0.18180000,6485.90000000,0.186
1749259226,0.18170000,54.10000000,0.186
1749259226,0.18160000,54.10000000,0.186
1749259226,0.18150000,114.30000000,0.186
1749259226,0.18140000,54.10000000,0.186
1749259226,0.18130000,54.10000000,0.186
1749259226,0.18120000,10704.00000000,0.186
1749259226,0.18110000,54.10000000,0.186
1749259226,0.18100000,54.10000000,0.186
1749259226,0.18090000,14428.90000000,0.186
1749259226,0.18080000,12233.00000000,0.186
1749259226,0.18070000,54.10000000,0.186
1749259226,0.18060000,54.10000000,0.186
1749259226,0.18050000,54.10000000,0.186
1749259226,0.18040000,87.40000000,0.186
1749259226,0.18030000,900.80000000,0.186
1749259226,0.18020000,1582.10000000,0.186
1749259226,0.18010000,2736.30000000,0.186
1749259226,0.18000000,23312.40000000,0.186
1749259226,0.17990000,328.70000000,0.186
1749259226,0.17980000,54.10000000,0.186
1749259226,0.17970000,636.80000000,0.186
1749259226,0.17960000,54.10000000,0.186
1749259226,0.17950000,8369.50000000,0.186
1749259226,0.17940000,752.50000000,0.186
1749259226,0.17930000,54.10000000,0.186
1749259226,0.17920000,54.10000000,0.186
1749259226,0.17910000,1130.60000000,0.186
1749259226,0.17900000,3407.20000000,0.186
1749259226,0.17890000,53.60000000,0.186
1749259226,0.17880000,53.70000000,0.186
1749259226,0.17870000,53.70000000,0.186
1749259226,0.17860000,3826.40000000,0.186
1749259226,0.17850000,53.80000000,0.186
1749259226,0.17830000,37.40000000,0.186
1749259226,0.17820000,35.90000000,0.186
1749259226,0.17810000,77.60000000,0.186
1749259226,0.17800000,1665.50000000,0.186
1749259226,0.17790000,100.00000000,0.186
1749259226,0.17770000,56.20000000,0.186
1749259226,0.17760000,2852.60000000,0.186
1749259226,0.17750000,11072.50000000,0.186
1749259226,0.17740000,79.00000000,0.186
1749259226,0.17710000,31.60000000,0.186
1749259226,0.17700000,9544.60000000,0.186
1749259226,0.17690000,198.70000000,0.186
1749259226,0.17680000,372.40000000,0.186
1749259226,0.17670000,139.40000000,0.186
1749259226,0.17650000,693.90000000,0.186
1749259226,0.17640000,175.20000000,0.186
1749259226,0.17630000,342.80000000,0.186
1749259226,0.17620000,261.10000000,0.186
1749259226,0.17610000,249.30000000,0.186
1749259226,0.17600000,6457.10000000,0.186
1749259226,0.17580000,30.00000000,0.186
1749259226,0.17560000,1525.30000000,0.186
1749259226,0.17550000,93.20000000,0.186
1749259226,0.17540000,14155.00000000,0.186
