timestamp,price,volume,current_price
1749260835,0.47190000,297.00000000,0.4719
1749260835,0.47180000,172.00000000,0.4719
1749260835,0.47170000,755.00000000,0.4719
1749260835,0.47160000,170.00000000,0.4719
1749260835,0.47150000,306.00000000,0.4719
1749260835,0.47140000,170.00000000,0.4719
1749260835,0.47130000,2090.00000000,0.4719
1749260835,0.47120000,5081.00000000,0.4719
1749260835,0.47110000,2131.00000000,0.4719
1749260835,0.47100000,4867.00000000,0.4719
1749260835,0.47090000,5963.00000000,0.4719
1749260835,0.47080000,2010.00000000,0.4719
1749260835,0.47070000,2444.00000000,0.4719
1749260835,0.47060000,390.00000000,0.4719
1749260835,0.47050000,760.00000000,0.4719
1749260835,0.47040000,391.00000000,0.4719
1749260835,0.47030000,1292.00000000,0.4719
1749260835,0.47020000,730.00000000,0.4719
1749260835,0.47000000,2033.00000000,0.4719
1749260835,0.46990000,221.00000000,0.4719
1749260835,0.46980000,466.00000000,0.4719
1749260835,0.46970000,1225.00000000,0.4719
1749260835,0.46950000,238.00000000,0.4719
1749260835,0.46940000,220.00000000,0.4719
1749260835,0.46910000,1046.00000000,0.4719
1749260835,0.46890000,1566.00000000,0.4719
1749260835,0.46880000,220.00000000,0.4719
1749260835,0.46860000,2189.00000000,0.4719
1749260835,0.46840000,220.00000000,0.4719
1749260835,0.46820000,2450.00000000,0.4719
1749260835,0.46790000,1818.00000000,0.4719
1749260835,0.46780000,34058.00000000,0.4719
1749260835,0.46760000,1311.00000000,0.4719
1749260835,0.46720000,3312.00000000,0.4719
1749260835,0.46710000,1774.00000000,0.4719
1749260835,0.46700000,213.00000000,0.4719
1749260835,0.46690000,1844.00000000,0.4719
1749260835,0.46680000,1132.00000000,0.4719
1749260835,0.46660000,65.00000000,0.4719
1749260835,0.46620000,1552.00000000,0.4719
1749260835,0.46580000,460.00000000,0.4719
1749260835,0.46570000,1113.00000000,0.4719
1749260835,0.46530000,95989.00000000,0.4719
1749260835,0.46500000,12.00000000,0.4719
1749260835,0.46410000,1392.00000000,0.4719
1749260835,0.46400000,739.00000000,0.4719
1749260835,0.46370000,85.00000000,0.4719
1749260835,0.46360000,462.00000000,0.4719
1749260835,0.46310000,2155.00000000,0.4719
1749260835,0.46300000,91608.00000000,0.4719
1749260835,0.46200000,2428.00000000,0.4719
1749260835,0.46160000,65.00000000,0.4719
1749260835,0.46060000,83.00000000,0.4719
1749260835,0.46000000,32.00000000,0.4719
1749260835,0.45910000,65.00000000,0.4719
1749260835,0.45880000,12.00000000,0.4719
1749260835,0.45750000,39.00000000,0.4719
1749260835,0.45730000,36.00000000,0.4719
1749260835,0.45680000,18.00000000,0.4719
1749260835,0.45670000,65.00000000,0.4719
1749260835,0.45500000,23.00000000,0.4719
1749260835,0.45420000,65.00000000,0.4719
1749260835,0.45400000,83.00000000,0.4719
1749260835,0.45180000,65.00000000,0.4719
1749260835,0.45020000,22.00000000,0.4719
1749260835,0.45000000,25109.00000000,0.4719
1749260835,0.44970000,99.00000000,0.4719
1749260835,0.44960000,100.00000000,0.4719
1749260835,0.44930000,65.00000000,0.4719
1749260835,0.44850000,12.00000000,0.4719
1749260835,0.44840000,84.00000000,0.4719
1749260835,0.44800000,12.00000000,0.4719
1749260835,0.44760000,83.00000000,0.4719
1749260835,0.44690000,288.00000000,0.4719
1749260835,0.44660000,38.00000000,0.4719
1749260835,0.44630000,66.00000000,0.4719
1749260835,0.44610000,19.00000000,0.4719
1749260835,0.44600000,142.00000000,0.4719
1749260835,0.44590000,85.00000000,0.4719
1749260835,0.44570000,2243.00000000,0.4719
1749260835,0.44500000,10022.00000000,0.4719
1749260835,0.44490000,60.00000000,0.4719
1749260835,0.44450000,65.00000000,0.4719
1749260835,0.44440000,1125.00000000,0.4719
1749260835,0.44400000,45.00000000,0.4719
1749260835,0.44340000,86.00000000,0.4719
1749260835,0.44310000,12.00000000,0.4719
1749260835,0.44300000,67.00000000,0.4719
1749260835,0.44260000,21.00000000,0.4719
1749260835,0.44250000,18.00000000,0.4719
1749260835,0.44210000,65.00000000,0.4719
1749260835,0.44150000,27.00000000,0.4719
1749260835,0.44120000,126.00000000,0.4719
1749260835,0.44100000,12.00000000,0.4719
1749260835,0.44090000,87.00000000,0.4719
1749260835,0.44010000,227.00000000,0.4719
1749260835,0.44000000,10453.00000000,0.4719
1749260835,0.43980000,65.00000000,0.4719
1749260835,0.43970000,68.00000000,0.4719
1749260835,0.43920000,12.00000000,0.4719
1749261161,0.47140000,2253.00000000,0.4718
1749261161,0.47130000,478.00000000,0.4718
1749261161,0.47120000,885.00000000,0.4718
1749261161,0.47110000,3908.00000000,0.4718
1749261161,0.47100000,5139.00000000,0.4718
1749261161,0.47090000,4201.00000000,0.4718
1749261161,0.47080000,2140.00000000,0.4718
1749261161,0.47070000,1513.00000000,0.4718
1749261161,0.47060000,6068.00000000,0.4718
1749261161,0.47050000,545.00000000,0.4718
1749261161,0.47040000,397.00000000,0.4718
1749261161,0.47030000,1037.00000000,0.4718
1749261161,0.47020000,1232.00000000,0.4718
1749261161,0.47010000,584.00000000,0.4718
1749261161,0.47000000,33.00000000,0.4718
1749261161,0.46990000,306.00000000,0.4718
1749261161,0.46980000,466.00000000,0.4718
1749261161,0.46970000,722.00000000,0.4718
1749261161,0.46950000,238.00000000,0.4718
1749261161,0.46940000,3956.00000000,0.4718
1749261161,0.46930000,4578.00000000,0.4718
1749261161,0.46920000,2000.00000000,0.4718
1749261161,0.46910000,2860.00000000,0.4718
1749261161,0.46890000,1562.00000000,0.4718
1749261161,0.46880000,220.00000000,0.4718
1749261161,0.46850000,220.00000000,0.4718
1749261161,0.46840000,3441.00000000,0.4718
1749261161,0.46830000,3608.00000000,0.4718
1749261161,0.46820000,1078.00000000,0.4718
1749261161,0.46790000,220.00000000,0.4718
1749261161,0.46770000,673.00000000,0.4718
1749261161,0.46760000,1311.00000000,0.4718
1749261161,0.46730000,33539.00000000,0.4718
1749261161,0.46720000,83.00000000,0.4718
1749261161,0.46700000,459.00000000,0.4718
1749261161,0.46680000,52.00000000,0.4718
1749261161,0.46660000,65.00000000,0.4718
1749261161,0.46620000,1552.00000000,0.4718
1749261161,0.46570000,1113.00000000,0.4718
1749261161,0.46530000,2446.00000000,0.4718
1749261161,0.46500000,12.00000000,0.4718
1749261161,0.46490000,90491.00000000,0.4718
1749261161,0.46430000,2150.00000000,0.4718
1749261161,0.46410000,1392.00000000,0.4718
1749261161,0.46400000,277.00000000,0.4718
1749261161,0.46390000,462.00000000,0.4718
1749261161,0.46370000,85.00000000,0.4718
1749261161,0.46360000,462.00000000,0.4718
1749261161,0.46310000,18.00000000,0.4718
1749261161,0.46240000,90977.00000000,0.4718
1749261161,0.46200000,2428.00000000,0.4718
1749261161,0.46160000,65.00000000,0.4718
1749261161,0.46060000,83.00000000,0.4718
1749261161,0.46000000,32.00000000,0.4718
1749261161,0.45910000,65.00000000,0.4718
1749261161,0.45880000,12.00000000,0.4718
1749261161,0.45750000,39.00000000,0.4718
1749261161,0.45730000,36.00000000,0.4718
1749261161,0.45680000,18.00000000,0.4718
1749261161,0.45670000,65.00000000,0.4718
1749261161,0.45500000,23.00000000,0.4718
1749261161,0.45420000,65.00000000,0.4718
1749261161,0.45400000,83.00000000,0.4718
1749261161,0.45180000,65.00000000,0.4718
1749261161,0.45020000,22.00000000,0.4718
1749261161,0.45000000,25109.00000000,0.4718
1749261161,0.44970000,99.00000000,0.4718
1749261161,0.44960000,100.00000000,0.4718
1749261161,0.44930000,65.00000000,0.4718
1749261161,0.44850000,12.00000000,0.4718
1749261161,0.44840000,84.00000000,0.4718
1749261161,0.44800000,12.00000000,0.4718
1749261161,0.44760000,83.00000000,0.4718
1749261161,0.44690000,288.00000000,0.4718
1749261161,0.44660000,38.00000000,0.4718
1749261161,0.44630000,66.00000000,0.4718
1749261161,0.44610000,19.00000000,0.4718
1749261161,0.44600000,142.00000000,0.4718
1749261161,0.44590000,85.00000000,0.4718
1749261161,0.44570000,2243.00000000,0.4718
1749261161,0.44500000,10022.00000000,0.4718
1749261161,0.44490000,60.00000000,0.4718
1749261161,0.44450000,65.00000000,0.4718
1749261161,0.44440000,1125.00000000,0.4718
1749261161,0.44400000,45.00000000,0.4718
1749261161,0.44340000,86.00000000,0.4718
1749261161,0.44310000,12.00000000,0.4718
1749261161,0.44300000,67.00000000,0.4718
1749261161,0.44260000,21.00000000,0.4718
1749261161,0.44250000,18.00000000,0.4718
1749261161,0.44210000,65.00000000,0.4718
1749261161,0.44150000,27.00000000,0.4718
1749261161,0.44120000,126.00000000,0.4718
1749261161,0.44100000,12.00000000,0.4718
1749261161,0.44090000,87.00000000,0.4718
1749261161,0.44010000,227.00000000,0.4718
1749261161,0.44000000,10453.00000000,0.4718
1749261161,0.43980000,65.00000000,0.4718
1749261161,0.43970000,68.00000000,0.4718
1749261161,0.43920000,12.00000000,0.4718
1749261476,0.47160000,3182.00000000,0.472
1749261476,0.47150000,520.00000000,0.472
1749261476,0.47140000,313.00000000,0.472
1749261476,0.47130000,1672.00000000,0.472
1749261476,0.47120000,4245.00000000,0.472
1749261476,0.47110000,398.00000000,0.472
1749261476,0.47100000,703.00000000,0.472
1749261476,0.47090000,1270.00000000,0.472
1749261476,0.47080000,4446.00000000,0.472
1749261476,0.47070000,4295.00000000,0.472
1749261476,0.47060000,2851.00000000,0.472
1749261476,0.47050000,398.00000000,0.472
1749261476,0.47040000,2622.00000000,0.472
1749261476,0.47030000,85.00000000,0.472
1749261476,0.47020000,729.00000000,0.472
1749261476,0.47010000,594.00000000,0.472
1749261476,0.47000000,2253.00000000,0.472
1749261476,0.46980000,686.00000000,0.472
1749261476,0.46970000,503.00000000,0.472
1749261476,0.46950000,238.00000000,0.472
1749261476,0.46940000,2469.00000000,0.472
1749261476,0.46930000,220.00000000,0.472
1749261476,0.46920000,4799.00000000,0.472
1749261476,0.46910000,2640.00000000,0.472
1749261476,0.46900000,220.00000000,0.472
1749261476,0.46890000,1342.00000000,0.472
1749261476,0.46880000,220.00000000,0.472
1749261476,0.46860000,220.00000000,0.472
1749261476,0.46840000,3441.00000000,0.472
1749261476,0.46830000,3608.00000000,0.472
1749261476,0.46820000,2852.00000000,0.472
1749261476,0.46810000,220.00000000,0.472
1749261476,0.46790000,675.00000000,0.472
1749261476,0.46760000,1311.00000000,0.472
1749261476,0.46750000,33558.00000000,0.472
1749261476,0.46720000,83.00000000,0.472
1749261476,0.46680000,52.00000000,0.472
1749261476,0.46660000,65.00000000,0.472
1749261476,0.46620000,1552.00000000,0.472
1749261476,0.46590000,460.00000000,0.472
1749261476,0.46570000,1113.00000000,0.472
1749261476,0.46530000,2446.00000000,0.472
1749261476,0.46510000,91430.00000000,0.472
1749261476,0.46500000,12.00000000,0.472
1749261476,0.46470000,105.00000000,0.472
1749261476,0.46430000,2150.00000000,0.472
1749261476,0.46410000,1392.00000000,0.472
1749261476,0.46400000,277.00000000,0.472
1749261476,0.46390000,462.00000000,0.472
1749261476,0.46370000,85.00000000,0.472
1749261476,0.46360000,462.00000000,0.472
1749261476,0.46310000,18.00000000,0.472
1749261476,0.46270000,94901.00000000,0.472
1749261476,0.46200000,2428.00000000,0.472
1749261476,0.46160000,65.00000000,0.472
1749261476,0.46060000,83.00000000,0.472
1749261476,0.46000000,32.00000000,0.472
1749261476,0.45910000,65.00000000,0.472
1749261476,0.45880000,12.00000000,0.472
1749261476,0.45750000,39.00000000,0.472
1749261476,0.45730000,36.00000000,0.472
1749261476,0.45680000,18.00000000,0.472
1749261476,0.45670000,65.00000000,0.472
1749261476,0.45500000,23.00000000,0.472
1749261476,0.45420000,65.00000000,0.472
1749261476,0.45400000,83.00000000,0.472
1749261476,0.45180000,65.00000000,0.472
1749261476,0.45020000,22.00000000,0.472
1749261476,0.45000000,25109.00000000,0.472
1749261476,0.44970000,99.00000000,0.472
1749261476,0.44960000,100.00000000,0.472
1749261476,0.44930000,65.00000000,0.472
1749261476,0.44850000,12.00000000,0.472
1749261476,0.44840000,84.00000000,0.472
1749261476,0.44800000,12.00000000,0.472
1749261476,0.44760000,83.00000000,0.472
1749261476,0.44690000,288.00000000,0.472
1749261476,0.44660000,38.00000000,0.472
1749261476,0.44630000,66.00000000,0.472
1749261476,0.44610000,19.00000000,0.472
1749261476,0.44600000,142.00000000,0.472
1749261476,0.44590000,85.00000000,0.472
1749261476,0.44570000,2243.00000000,0.472
1749261476,0.44500000,10022.00000000,0.472
1749261476,0.44490000,60.00000000,0.472
1749261476,0.44450000,65.00000000,0.472
1749261476,0.44440000,1125.00000000,0.472
1749261476,0.44400000,45.00000000,0.472
1749261476,0.44340000,86.00000000,0.472
1749261476,0.44310000,12.00000000,0.472
1749261476,0.44300000,67.00000000,0.472
1749261476,0.44260000,21.00000000,0.472
1749261476,0.44250000,18.00000000,0.472
1749261476,0.44210000,65.00000000,0.472
1749261476,0.44150000,27.00000000,0.472
1749261476,0.44120000,126.00000000,0.472
1749261476,0.44100000,12.00000000,0.472
1749261476,0.44090000,87.00000000,0.472
1749261476,0.44010000,227.00000000,0.472
1749261476,0.44000000,10453.00000000,0.472
1749261787,0.47150000,4064.00000000,0.4717
1749261787,0.47140000,377.00000000,0.4717
1749261787,0.47130000,398.00000000,0.4717
1749261787,0.47120000,742.00000000,0.4717
1749261787,0.47110000,1247.00000000,0.4717
1749261787,0.47100000,3101.00000000,0.4717
1749261787,0.47090000,3809.00000000,0.4717
1749261787,0.47080000,4735.00000000,0.4717
1749261787,0.47070000,565.00000000,0.4717
1749261787,0.47060000,1811.00000000,0.4717
1749261787,0.47050000,2268.00000000,0.4717
1749261787,0.47040000,3554.00000000,0.4717
1749261787,0.47020000,1255.00000000,0.4717
1749261787,0.47010000,534.00000000,0.4717
1749261787,0.47000000,253.00000000,0.4717
1749261787,0.46990000,595.00000000,0.4717
1749261787,0.46980000,686.00000000,0.4717
1749261787,0.46960000,503.00000000,0.4717
1749261787,0.46950000,238.00000000,0.4717
1749261787,0.46940000,2469.00000000,0.4717
1749261787,0.46930000,220.00000000,0.4717
1749261787,0.46920000,220.00000000,0.4717
1749261787,0.46910000,2827.00000000,0.4717
1749261787,0.46900000,220.00000000,0.4717
1749261787,0.46890000,5924.00000000,0.4717
1749261787,0.46880000,220.00000000,0.4717
1749261787,0.46860000,220.00000000,0.4717
1749261787,0.46840000,220.00000000,0.4717
1749261787,0.46820000,1078.00000000,0.4717
1749261787,0.46810000,220.00000000,0.4717
1749261787,0.46800000,220.00000000,0.4717
1749261787,0.46790000,2492.00000000,0.4717
1749261787,0.46760000,3087.00000000,0.4717
1749261787,0.46740000,33147.00000000,0.4717
1749261787,0.46720000,3312.00000000,0.4717
1749261787,0.46710000,3617.00000000,0.4717
1749261787,0.46680000,52.00000000,0.4717
1749261787,0.46660000,65.00000000,0.4717
1749261787,0.46620000,1552.00000000,0.4717
1749261787,0.46590000,460.00000000,0.4717
1749261787,0.46570000,1113.00000000,0.4717
1749261787,0.46530000,2446.00000000,0.4717
1749261787,0.46520000,105.00000000,0.4717
1749261787,0.46500000,95066.00000000,0.4717
1749261787,0.46430000,2150.00000000,0.4717
1749261787,0.46410000,1392.00000000,0.4717
1749261787,0.46400000,277.00000000,0.4717
1749261787,0.46390000,462.00000000,0.4717
1749261787,0.46370000,85.00000000,0.4717
1749261787,0.46360000,462.00000000,0.4717
1749261787,0.46310000,18.00000000,0.4717
1749261787,0.46270000,90487.00000000,0.4717
1749261787,0.46200000,2428.00000000,0.4717
1749261787,0.46160000,65.00000000,0.4717
1749261787,0.46060000,83.00000000,0.4717
1749261787,0.46000000,32.00000000,0.4717
1749261787,0.45910000,65.00000000,0.4717
1749261787,0.45880000,12.00000000,0.4717
1749261787,0.45750000,39.00000000,0.4717
1749261787,0.45730000,36.00000000,0.4717
1749261787,0.45680000,18.00000000,0.4717
1749261787,0.45670000,65.00000000,0.4717
1749261787,0.45500000,23.00000000,0.4717
1749261787,0.45420000,65.00000000,0.4717
1749261787,0.45400000,83.00000000,0.4717
1749261787,0.45180000,65.00000000,0.4717
1749261787,0.45020000,22.00000000,0.4717
1749261787,0.45000000,25109.00000000,0.4717
1749261787,0.44970000,99.00000000,0.4717
1749261787,0.44960000,100.00000000,0.4717
1749261787,0.44930000,65.00000000,0.4717
1749261787,0.44850000,12.00000000,0.4717
1749261787,0.44840000,84.00000000,0.4717
1749261787,0.44800000,12.00000000,0.4717
1749261787,0.44760000,83.00000000,0.4717
1749261787,0.44690000,288.00000000,0.4717
1749261787,0.44660000,38.00000000,0.4717
1749261787,0.44630000,66.00000000,0.4717
1749261787,0.44610000,19.00000000,0.4717
1749261787,0.44600000,142.00000000,0.4717
1749261787,0.44590000,85.00000000,0.4717
1749261787,0.44570000,2243.00000000,0.4717
1749261787,0.44500000,10022.00000000,0.4717
1749261787,0.44490000,60.00000000,0.4717
1749261787,0.44450000,65.00000000,0.4717
1749261787,0.44440000,1125.00000000,0.4717
1749261787,0.44400000,45.00000000,0.4717
1749261787,0.44340000,86.00000000,0.4717
1749261787,0.44310000,12.00000000,0.4717
1749261787,0.44300000,67.00000000,0.4717
1749261787,0.44260000,21.00000000,0.4717
1749261787,0.44250000,18.00000000,0.4717
1749261787,0.44210000,65.00000000,0.4717
1749261787,0.44150000,27.00000000,0.4717
1749261787,0.44120000,126.00000000,0.4717
1749261787,0.44100000,12.00000000,0.4717
1749261787,0.44090000,87.00000000,0.4717
1749261787,0.44010000,227.00000000,0.4717
1749261787,0.44000000,10453.00000000,0.4717
1749261787,0.43980000,65.00000000,0.4717
1749262089,0.47170000,63.00000000,0.472
1749262089,0.47160000,278.00000000,0.472
1749262089,0.47150000,979.00000000,0.472
1749262089,0.47140000,820.00000000,0.472
1749262089,0.47130000,2141.00000000,0.472
1749262089,0.47120000,312.00000000,0.472
1749262089,0.47110000,531.00000000,0.472
1749262089,0.47100000,2317.00000000,0.472
1749262089,0.47090000,178.00000000,0.472
1749262089,0.47080000,700.00000000,0.472
1749262089,0.47070000,2308.00000000,0.472
1749262089,0.47050000,458.00000000,0.472
1749262089,0.47040000,394.00000000,0.472
1749262089,0.47020000,1171.00000000,0.472
1749262089,0.47010000,534.00000000,0.472
1749262089,0.47000000,763.00000000,0.472
1749262089,0.46990000,2000.00000000,0.472
1749262089,0.46980000,1722.00000000,0.472
1749262089,0.46960000,2347.00000000,0.472
1749262089,0.46950000,323.00000000,0.472
1749262089,0.46940000,2469.00000000,0.472
1749262089,0.46930000,220.00000000,0.472
1749262089,0.46920000,220.00000000,0.472
1749262089,0.46910000,827.00000000,0.472
1749262089,0.46900000,4801.00000000,0.472
1749262089,0.46890000,1342.00000000,0.472
1749262089,0.46880000,220.00000000,0.472
1749262089,0.46860000,220.00000000,0.472
1749262089,0.46840000,220.00000000,0.472
1749262089,0.46820000,1078.00000000,0.472
1749262089,0.46810000,220.00000000,0.472
1749262089,0.46800000,674.00000000,0.472
1749262089,0.46790000,1818.00000000,0.472
1749262089,0.46760000,37069.00000000,0.472
1749262089,0.46720000,3312.00000000,0.472
1749262089,0.46710000,3617.00000000,0.472
1749262089,0.46680000,52.00000000,0.472
1749262089,0.46660000,65.00000000,0.472
1749262089,0.46620000,1552.00000000,0.472
1749262089,0.46590000,460.00000000,0.472
1749262089,0.46530000,2446.00000000,0.472
1749262089,0.46520000,91085.00000000,0.472
1749262089,0.46500000,12.00000000,0.472
1749262089,0.46470000,1325.00000000,0.472
1749262089,0.46420000,2427.00000000,0.472
1749262089,0.46410000,65.00000000,0.472
1749262089,0.46370000,85.00000000,0.472
1749262089,0.46360000,462.00000000,0.472
1749262089,0.46310000,18.00000000,0.472
1749262089,0.46290000,463.00000000,0.472
1749262089,0.46270000,90487.00000000,0.472
1749262089,0.46200000,2428.00000000,0.472
1749262089,0.46160000,65.00000000,0.472
1749262089,0.46060000,83.00000000,0.472
1749262089,0.46000000,32.00000000,0.472
1749262089,0.45910000,65.00000000,0.472
1749262089,0.45880000,12.00000000,0.472
1749262089,0.45750000,39.00000000,0.472
1749262089,0.45730000,36.00000000,0.472
1749262089,0.45680000,18.00000000,0.472
1749262089,0.45670000,65.00000000,0.472
1749262089,0.45500000,23.00000000,0.472
1749262089,0.45420000,65.00000000,0.472
1749262089,0.45400000,83.00000000,0.472
1749262089,0.45180000,65.00000000,0.472
1749262089,0.45020000,22.00000000,0.472
1749262089,0.45000000,25109.00000000,0.472
1749262089,0.44970000,99.00000000,0.472
1749262089,0.44960000,100.00000000,0.472
1749262089,0.44930000,65.00000000,0.472
1749262089,0.44850000,12.00000000,0.472
1749262089,0.44840000,84.00000000,0.472
1749262089,0.44800000,12.00000000,0.472
1749262089,0.44760000,83.00000000,0.472
1749262089,0.44690000,288.00000000,0.472
1749262089,0.44660000,38.00000000,0.472
1749262089,0.44630000,66.00000000,0.472
1749262089,0.44610000,19.00000000,0.472
1749262089,0.44600000,142.00000000,0.472
1749262089,0.44590000,85.00000000,0.472
1749262089,0.44570000,2243.00000000,0.472
1749262089,0.44500000,10022.00000000,0.472
1749262089,0.44490000,60.00000000,0.472
1749262089,0.44450000,65.00000000,0.472
1749262089,0.44440000,1125.00000000,0.472
1749262089,0.44400000,45.00000000,0.472
1749262089,0.44340000,86.00000000,0.472
1749262089,0.44310000,12.00000000,0.472
1749262089,0.44300000,67.00000000,0.472
1749262089,0.44260000,21.00000000,0.472
1749262089,0.44250000,18.00000000,0.472
1749262089,0.44210000,65.00000000,0.472
1749262089,0.44150000,27.00000000,0.472
1749262089,0.44120000,126.00000000,0.472
1749262089,0.44100000,12.00000000,0.472
1749262089,0.44090000,87.00000000,0.472
1749262089,0.44010000,227.00000000,0.472
1749262089,0.44000000,10453.00000000,0.472
1749262089,0.43980000,65.00000000,0.472
1749262089,0.43970000,68.00000000,0.472
1749262391,0.47290000,57.00000000,0.4725
1749262391,0.47280000,180.00000000,0.4725
1749262391,0.47270000,1028.00000000,0.4725
1749262391,0.47260000,438.00000000,0.4725
1749262391,0.47250000,400.00000000,0.4725
1749262391,0.47240000,1429.00000000,0.4725
1749262391,0.47230000,3719.00000000,0.4725
1749262391,0.47220000,352.00000000,0.4725
1749262391,0.47210000,530.00000000,0.4725
1749262391,0.47200000,1446.00000000,0.4725
1749262391,0.47190000,3745.00000000,0.4725
1749262391,0.47180000,1630.00000000,0.4725
1749262391,0.47170000,3983.00000000,0.4725
1749262391,0.47160000,353.00000000,0.4725
1749262391,0.47150000,387.00000000,0.4725
1749262391,0.47140000,4072.00000000,0.4725
1749262391,0.47130000,458.00000000,0.4725
1749262391,0.47120000,949.00000000,0.4725
1749262391,0.47110000,741.00000000,0.4725
1749262391,0.47100000,220.00000000,0.4725
1749262391,0.47090000,509.00000000,0.4725
1749262391,0.47080000,1839.00000000,0.4725
1749262391,0.47070000,1336.00000000,0.4725
1749262391,0.47050000,220.00000000,0.4725
1749262391,0.47040000,685.00000000,0.4725
1749262391,0.47030000,502.00000000,0.4725
1749262391,0.47020000,2220.00000000,0.4725
1749262391,0.47010000,4571.00000000,0.4725
1749262391,0.47000000,756.00000000,0.4725
1749262391,0.46990000,759.00000000,0.4725
1749262391,0.46980000,220.00000000,0.4725
1749262391,0.46970000,1343.00000000,0.4725
1749262391,0.46950000,238.00000000,0.4725
1749262391,0.46940000,1966.00000000,0.4725
1749262391,0.46930000,220.00000000,0.4725
1749262391,0.46920000,220.00000000,0.4725
1749262391,0.46910000,745.00000000,0.4725
1749262391,0.46880000,33242.00000000,0.4725
1749262391,0.46850000,1324.00000000,0.4725
1749262391,0.46830000,1817.00000000,0.4725
1749262391,0.46820000,1078.00000000,0.4725
1749262391,0.46760000,1776.00000000,0.4725
1749262391,0.46750000,1772.00000000,0.4725
1749262391,0.46720000,3312.00000000,0.4725
1749262391,0.46700000,2303.00000000,0.4725
1749262391,0.46680000,52.00000000,0.4725
1749262391,0.46660000,2554.00000000,0.4725
1749262391,0.46630000,94500.00000000,0.4725
1749262391,0.46620000,1552.00000000,0.4725
1749262391,0.46590000,1322.00000000,0.4725
1749262391,0.46570000,1113.00000000,0.4725
1749262391,0.46520000,276.00000000,0.4725
1749262391,0.46500000,12.00000000,0.4725
1749262391,0.46420000,2150.00000000,0.4725
1749262391,0.46410000,65.00000000,0.4725
1749262391,0.46390000,93105.00000000,0.4725
1749262391,0.46380000,2430.00000000,0.4725
1749262391,0.46370000,85.00000000,0.4725
1749262391,0.46360000,462.00000000,0.4725
1749262391,0.46310000,18.00000000,0.4725
1749262391,0.46160000,65.00000000,0.4725
1749262391,0.46060000,83.00000000,0.4725
1749262391,0.46000000,32.00000000,0.4725
1749262391,0.45910000,65.00000000,0.4725
1749262391,0.45880000,12.00000000,0.4725
1749262391,0.45750000,39.00000000,0.4725
1749262391,0.45730000,36.00000000,0.4725
1749262391,0.45680000,18.00000000,0.4725
1749262391,0.45670000,65.00000000,0.4725
1749262391,0.45500000,23.00000000,0.4725
1749262391,0.45420000,65.00000000,0.4725
1749262391,0.45400000,83.00000000,0.4725
1749262391,0.45180000,65.00000000,0.4725
1749262391,0.45020000,22.00000000,0.4725
1749262391,0.45000000,25109.00000000,0.4725
1749262391,0.44970000,99.00000000,0.4725
1749262391,0.44960000,100.00000000,0.4725
1749262391,0.44930000,65.00000000,0.4725
1749262391,0.44850000,12.00000000,0.4725
1749262391,0.44840000,84.00000000,0.4725
1749262391,0.44800000,12.00000000,0.4725
1749262391,0.44760000,83.00000000,0.4725
1749262391,0.44690000,288.00000000,0.4725
1749262391,0.44660000,38.00000000,0.4725
1749262391,0.44630000,66.00000000,0.4725
1749262391,0.44610000,19.00000000,0.4725
1749262391,0.44600000,142.00000000,0.4725
1749262391,0.44590000,85.00000000,0.4725
1749262391,0.44570000,2243.00000000,0.4725
1749262391,0.44500000,10022.00000000,0.4725
1749262391,0.44490000,60.00000000,0.4725
1749262391,0.44450000,65.00000000,0.4725
1749262391,0.44440000,1125.00000000,0.4725
1749262391,0.44400000,45.00000000,0.4725
1749262391,0.44340000,86.00000000,0.4725
1749262391,0.44310000,12.00000000,0.4725
1749262391,0.44300000,67.00000000,0.4725
1749262391,0.44260000,21.00000000,0.4725
1749262391,0.44250000,18.00000000,0.4725
1749262391,0.44210000,65.00000000,0.4725
1749262694,0.47270000,58.00000000,0.4726
1749262694,0.47260000,471.00000000,0.4726
1749262694,0.47250000,178.00000000,0.4726
1749262694,0.47240000,722.00000000,0.4726
1749262694,0.47230000,927.00000000,0.4726
1749262694,0.47220000,2919.00000000,0.4726
1749262694,0.47210000,3651.00000000,0.4726
1749262694,0.47200000,1090.00000000,0.4726
1749262694,0.47190000,2517.00000000,0.4726
1749262694,0.47180000,3651.00000000,0.4726
1749262694,0.47170000,178.00000000,0.4726
1749262694,0.47160000,912.00000000,0.4726
1749262694,0.47150000,1867.00000000,0.4726
1749262694,0.47140000,4072.00000000,0.4726
1749262694,0.47130000,453.00000000,0.4726
1749262694,0.47120000,1838.00000000,0.4726
1749262694,0.47110000,1769.00000000,0.4726
1749262694,0.47100000,220.00000000,0.4726
1749262694,0.47090000,509.00000000,0.4726
1749262694,0.47070000,305.00000000,0.4726
1749262694,0.47050000,220.00000000,0.4726
1749262694,0.47040000,2685.00000000,0.4726
1749262694,0.47030000,502.00000000,0.4726
1749262694,0.47020000,220.00000000,0.4726
1749262694,0.47010000,4571.00000000,0.4726
1749262694,0.47000000,756.00000000,0.4726
1749262694,0.46990000,759.00000000,0.4726
1749262694,0.46980000,220.00000000,0.4726
1749262694,0.46970000,1336.00000000,0.4726
1749262694,0.46950000,238.00000000,0.4726
1749262694,0.46940000,1966.00000000,0.4726
1749262694,0.46930000,220.00000000,0.4726
1749262694,0.46910000,285.00000000,0.4726
1749262694,0.46900000,220.00000000,0.4726
1749262694,0.46890000,679.00000000,0.4726
1749262694,0.46880000,1771.00000000,0.4726
1749262694,0.46850000,33876.00000000,0.4726
1749262694,0.46840000,3221.00000000,0.4726
1749262694,0.46830000,1817.00000000,0.4726
1749262694,0.46820000,2917.00000000,0.4726
1749262694,0.46800000,1771.00000000,0.4726
1749262694,0.46720000,83.00000000,0.4726
1749262694,0.46700000,459.00000000,0.4726
1749262694,0.46680000,52.00000000,0.4726
1749262694,0.46660000,2554.00000000,0.4726
1749262694,0.46620000,1828.00000000,0.4726
1749262694,0.46610000,93359.00000000,0.4726
1749262694,0.46590000,1322.00000000,0.4726
1749262694,0.46570000,1113.00000000,0.4726
1749262694,0.46550000,460.00000000,0.4726
1749262694,0.46500000,12.00000000,0.4726
1749262694,0.46420000,2150.00000000,0.4726
1749262694,0.46410000,65.00000000,0.4726
1749262694,0.46380000,2430.00000000,0.4726
1749262694,0.46370000,85.00000000,0.4726
1749262694,0.46360000,92009.00000000,0.4726
1749262694,0.46310000,18.00000000,0.4726
1749262694,0.46160000,65.00000000,0.4726
1749262694,0.46060000,83.00000000,0.4726
1749262694,0.46000000,32.00000000,0.4726
1749262694,0.45910000,65.00000000,0.4726
1749262694,0.45880000,12.00000000,0.4726
1749262694,0.45750000,39.00000000,0.4726
1749262694,0.45730000,36.00000000,0.4726
1749262694,0.45680000,18.00000000,0.4726
1749262694,0.45670000,65.00000000,0.4726
1749262694,0.45500000,23.00000000,0.4726
1749262694,0.45420000,65.00000000,0.4726
1749262694,0.45400000,83.00000000,0.4726
1749262694,0.45180000,65.00000000,0.4726
1749262694,0.45020000,22.00000000,0.4726
1749262694,0.45000000,25109.00000000,0.4726
1749262694,0.44970000,99.00000000,0.4726
1749262694,0.44960000,100.00000000,0.4726
1749262694,0.44930000,65.00000000,0.4726
1749262694,0.44850000,12.00000000,0.4726
1749262694,0.44840000,84.00000000,0.4726
1749262694,0.44800000,12.00000000,0.4726
1749262694,0.44760000,83.00000000,0.4726
1749262694,0.44690000,288.00000000,0.4726
1749262694,0.44660000,38.00000000,0.4726
1749262694,0.44630000,66.00000000,0.4726
1749262694,0.44610000,19.00000000,0.4726
1749262694,0.44600000,142.00000000,0.4726
1749262694,0.44590000,85.00000000,0.4726
1749262694,0.44570000,2243.00000000,0.4726
1749262694,0.44500000,10022.00000000,0.4726
1749262694,0.44490000,60.00000000,0.4726
1749262694,0.44450000,65.00000000,0.4726
1749262694,0.44440000,1125.00000000,0.4726
1749262694,0.44400000,45.00000000,0.4726
1749262694,0.44340000,86.00000000,0.4726
1749262694,0.44310000,12.00000000,0.4726
1749262694,0.44300000,67.00000000,0.4726
1749262694,0.44260000,21.00000000,0.4726
1749262694,0.44250000,18.00000000,0.4726
1749262694,0.44210000,65.00000000,0.4726
1749262694,0.44150000,27.00000000,0.4726
1749262694,0.44120000,126.00000000,0.4726
1749262694,0.44100000,12.00000000,0.4726
1749263003,0.47280000,236.00000000,0.4725
1749263003,0.47270000,1028.00000000,0.4725
1749263003,0.47260000,258.00000000,0.4725
1749263003,0.47250000,1476.00000000,0.4725
1749263003,0.47240000,3586.00000000,0.4725
1749263003,0.47230000,534.00000000,0.4725
1749263003,0.47220000,4111.00000000,0.4725
1749263003,0.47210000,1829.00000000,0.4725
1749263003,0.47200000,4288.00000000,0.4725
1749263003,0.47190000,3760.00000000,0.4725
1749263003,0.47180000,398.00000000,0.4725
1749263003,0.47170000,717.00000000,0.4725
1749263003,0.47160000,351.00000000,0.4725
1749263003,0.47150000,387.00000000,0.4725
1749263003,0.47140000,178.00000000,0.4725
1749263003,0.47130000,280.00000000,0.4725
1749263003,0.47120000,949.00000000,0.4725
1749263003,0.47110000,1769.00000000,0.4725
1749263003,0.47100000,220.00000000,0.4725
1749263003,0.47090000,509.00000000,0.4725
1749263003,0.47080000,2000.00000000,0.4725
1749263003,0.47070000,2146.00000000,0.4725
1749263003,0.47050000,220.00000000,0.4725
1749263003,0.47040000,685.00000000,0.4725
1749263003,0.47030000,502.00000000,0.4725
1749263003,0.47020000,220.00000000,0.4725
1749263003,0.47010000,4571.00000000,0.4725
1749263003,0.47000000,756.00000000,0.4725
1749263003,0.46990000,759.00000000,0.4725
1749263003,0.46980000,220.00000000,0.4725
1749263003,0.46970000,1336.00000000,0.4725
1749263003,0.46960000,1965.00000000,0.4725
1749263003,0.46950000,238.00000000,0.4725
1749263003,0.46930000,220.00000000,0.4725
1749263003,0.46910000,285.00000000,0.4725
1749263003,0.46890000,679.00000000,0.4725
1749263003,0.46880000,1771.00000000,0.4725
1749263003,0.46860000,32687.00000000,0.4725
1749263003,0.46850000,1324.00000000,0.4725
1749263003,0.46840000,1538.00000000,0.4725
1749263003,0.46830000,1817.00000000,0.4725
1749263003,0.46820000,2917.00000000,0.4725
1749263003,0.46800000,3455.00000000,0.4725
1749263003,0.46720000,83.00000000,0.4725
1749263003,0.46700000,459.00000000,0.4725
1749263003,0.46680000,52.00000000,0.4725
1749263003,0.46660000,2554.00000000,0.4725
1749263003,0.46620000,91975.00000000,0.4725
1749263003,0.46590000,1322.00000000,0.4725
1749263003,0.46570000,1113.00000000,0.4725
1749263003,0.46550000,460.00000000,0.4725
1749263003,0.46500000,12.00000000,0.4725
1749263003,0.46490000,2147.00000000,0.4725
1749263003,0.46410000,65.00000000,0.4725
1749263003,0.46380000,2430.00000000,0.4725
1749263003,0.46370000,85.00000000,0.4725
1749263003,0.46360000,92779.00000000,0.4725
1749263003,0.46310000,18.00000000,0.4725
1749263003,0.46160000,65.00000000,0.4725
1749263003,0.46060000,83.00000000,0.4725
1749263003,0.46000000,32.00000000,0.4725
1749263003,0.45910000,65.00000000,0.4725
1749263003,0.45880000,12.00000000,0.4725
1749263003,0.45750000,39.00000000,0.4725
1749263003,0.45730000,36.00000000,0.4725
1749263003,0.45680000,18.00000000,0.4725
1749263003,0.45670000,65.00000000,0.4725
1749263003,0.45500000,23.00000000,0.4725
1749263003,0.45420000,65.00000000,0.4725
1749263003,0.45400000,83.00000000,0.4725
1749263003,0.45180000,65.00000000,0.4725
1749263003,0.45020000,22.00000000,0.4725
1749263003,0.45000000,25109.00000000,0.4725
1749263003,0.44970000,99.00000000,0.4725
1749263003,0.44960000,100.00000000,0.4725
1749263003,0.44930000,65.00000000,0.4725
1749263003,0.44850000,12.00000000,0.4725
1749263003,0.44840000,84.00000000,0.4725
1749263003,0.44800000,12.00000000,0.4725
1749263003,0.44760000,83.00000000,0.4725
1749263003,0.44690000,288.00000000,0.4725
1749263003,0.44660000,38.00000000,0.4725
1749263003,0.44630000,66.00000000,0.4725
1749263003,0.44610000,19.00000000,0.4725
1749263003,0.44600000,142.00000000,0.4725
1749263003,0.44590000,85.00000000,0.4725
1749263003,0.44570000,2243.00000000,0.4725
1749263003,0.44500000,10022.00000000,0.4725
1749263003,0.44490000,60.00000000,0.4725
1749263003,0.44450000,65.00000000,0.4725
1749263003,0.44440000,1125.00000000,0.4725
1749263003,0.44400000,45.00000000,0.4725
1749263003,0.44340000,86.00000000,0.4725
1749263003,0.44310000,12.00000000,0.4725
1749263003,0.44300000,67.00000000,0.4725
1749263003,0.44260000,21.00000000,0.4725
1749263003,0.44250000,18.00000000,0.4725
1749263003,0.44210000,65.00000000,0.4725
1749263003,0.44150000,27.00000000,0.4725
1749263003,0.44120000,126.00000000,0.4725
1749263311,0.47340000,58.00000000,0.4733
1749263311,0.47330000,727.00000000,0.4733
1749263311,0.47320000,737.00000000,0.4733
1749263311,0.47310000,180.00000000,0.4733
1749263311,0.47300000,180.00000000,0.4733
1749263311,0.47290000,533.00000000,0.4733
1749263311,0.47280000,2505.00000000,0.4733
1749263311,0.47270000,7480.00000000,0.4733
1749263311,0.47260000,892.00000000,0.4733
1749263311,0.47250000,3682.00000000,0.4733
1749263311,0.47240000,720.00000000,0.4733
1749263311,0.47230000,892.00000000,0.4733
1749263311,0.47220000,3682.00000000,0.4733
1749263311,0.47210000,238.00000000,0.4733
1749263311,0.47200000,398.00000000,0.4733
1749263311,0.47190000,178.00000000,0.4733
1749263311,0.47180000,1701.00000000,0.4733
1749263311,0.47150000,1250.00000000,0.4733
1749263311,0.47140000,508.00000000,0.4733
1749263311,0.47130000,2059.00000000,0.4733
1749263311,0.47110000,305.00000000,0.4733
1749263311,0.47100000,220.00000000,0.4733
1749263311,0.47070000,1443.00000000,0.4733
1749263311,0.47060000,5343.00000000,0.4733
1749263311,0.47050000,543.00000000,0.4733
1749263311,0.47040000,220.00000000,0.4733
1749263311,0.47030000,3826.00000000,0.4733
1749263311,0.47020000,220.00000000,0.4733
1749263311,0.47000000,2218.00000000,0.4733
1749263311,0.46980000,220.00000000,0.4733
1749263311,0.46960000,682.00000000,0.4733
1749263311,0.46950000,238.00000000,0.4733
1749263311,0.46940000,1336.00000000,0.4733
1749263311,0.46920000,33610.00000000,0.4733
1749263311,0.46910000,1835.00000000,0.4733
1749263311,0.46860000,1682.00000000,0.4733
1749263311,0.46840000,1538.00000000,0.4733
1749263311,0.46830000,1817.00000000,0.4733
1749263311,0.46820000,3375.00000000,0.4733
1749263311,0.46800000,1771.00000000,0.4733
1749263311,0.46740000,1548.00000000,0.4733
1749263311,0.46720000,83.00000000,0.4733
1749263311,0.46690000,1110.00000000,0.4733
1749263311,0.46680000,92002.00000000,0.4733
1749263311,0.46660000,2554.00000000,0.4733
1749263311,0.46620000,276.00000000,0.4733
1749263311,0.46590000,1322.00000000,0.4733
1749263311,0.46550000,460.00000000,0.4733
1749263311,0.46500000,12.00000000,0.4733
1749263311,0.46490000,2147.00000000,0.4733
1749263311,0.46420000,94446.00000000,0.4733
1749263311,0.46410000,65.00000000,0.4733
1749263311,0.46380000,2430.00000000,0.4733
1749263311,0.46370000,85.00000000,0.4733
1749263311,0.46360000,462.00000000,0.4733
1749263311,0.46310000,18.00000000,0.4733
1749263311,0.46160000,65.00000000,0.4733
1749263311,0.46060000,83.00000000,0.4733
1749263311,0.46000000,32.00000000,0.4733
1749263311,0.45910000,65.00000000,0.4733
1749263311,0.45880000,12.00000000,0.4733
1749263311,0.45750000,39.00000000,0.4733
1749263311,0.45730000,36.00000000,0.4733
1749263311,0.45680000,18.00000000,0.4733
1749263311,0.45670000,65.00000000,0.4733
1749263311,0.45500000,23.00000000,0.4733
1749263311,0.45420000,65.00000000,0.4733
1749263311,0.45400000,83.00000000,0.4733
1749263311,0.45180000,65.00000000,0.4733
1749263311,0.45020000,22.00000000,0.4733
1749263311,0.45000000,25109.00000000,0.4733
1749263311,0.44970000,99.00000000,0.4733
1749263311,0.44960000,100.00000000,0.4733
1749263311,0.44930000,65.00000000,0.4733
1749263311,0.44850000,12.00000000,0.4733
1749263311,0.44840000,84.00000000,0.4733
1749263311,0.44800000,12.00000000,0.4733
1749263311,0.44760000,83.00000000,0.4733
1749263311,0.44690000,288.00000000,0.4733
1749263311,0.44660000,38.00000000,0.4733
1749263311,0.44630000,66.00000000,0.4733
1749263311,0.44610000,19.00000000,0.4733
1749263311,0.44600000,142.00000000,0.4733
1749263311,0.44590000,85.00000000,0.4733
1749263311,0.44570000,2243.00000000,0.4733
1749263311,0.44500000,10022.00000000,0.4733
1749263311,0.44490000,60.00000000,0.4733
1749263311,0.44450000,65.00000000,0.4733
1749263311,0.44440000,1125.00000000,0.4733
1749263311,0.44400000,45.00000000,0.4733
1749263311,0.44340000,86.00000000,0.4733
1749263311,0.44310000,12.00000000,0.4733
1749263311,0.44300000,67.00000000,0.4733
1749263311,0.44260000,21.00000000,0.4733
1749263311,0.44250000,18.00000000,0.4733
1749263311,0.44210000,65.00000000,0.4733
1749263311,0.44150000,27.00000000,0.4733
1749263311,0.44120000,126.00000000,0.4733
1749263311,0.44100000,12.00000000,0.4733
1749263311,0.44090000,87.00000000,0.4733
1749263613,0.47260000,849.00000000,0.4726
1749263613,0.47250000,997.00000000,0.4726
1749263613,0.47240000,1104.00000000,0.4726
1749263613,0.47230000,2785.00000000,0.4726
1749263613,0.47220000,4698.00000000,0.4726
1749263613,0.47210000,7756.00000000,0.4726
1749263613,0.47200000,574.00000000,0.4726
1749263613,0.47190000,1879.00000000,0.4726
1749263613,0.47180000,2233.00000000,0.4726
1749263613,0.47170000,681.00000000,0.4726
1749263613,0.47160000,180.00000000,0.4726
1749263613,0.47150000,570.00000000,0.4726
1749263613,0.47140000,948.00000000,0.4726
1749263613,0.47130000,280.00000000,0.4726
1749263613,0.47110000,220.00000000,0.4726
1749263613,0.47100000,3796.00000000,0.4726
1749263613,0.47080000,509.00000000,0.4726
1749263613,0.47070000,1528.00000000,0.4726
1749263613,0.47060000,1004.00000000,0.4726
1749263613,0.47050000,543.00000000,0.4726
1749263613,0.47040000,220.00000000,0.4726
1749263613,0.47030000,1324.00000000,0.4726
1749263613,0.47020000,220.00000000,0.4726
1749263613,0.47010000,6571.00000000,0.4726
1749263613,0.47000000,2218.00000000,0.4726
1749263613,0.46980000,220.00000000,0.4726
1749263613,0.46960000,220.00000000,0.4726
1749263613,0.46950000,18.00000000,0.4726
1749263613,0.46930000,220.00000000,0.4726
1749263613,0.46920000,220.00000000,0.4726
1749263613,0.46910000,1835.00000000,0.4726
1749263613,0.46900000,220.00000000,0.4726
1749263613,0.46890000,678.00000000,0.4726
1749263613,0.46860000,3008.00000000,0.4726
1749263613,0.46850000,33325.00000000,0.4726
1749263613,0.46840000,1538.00000000,0.4726
1749263613,0.46830000,1817.00000000,0.4726
1749263613,0.46820000,3375.00000000,0.4726
1749263613,0.46800000,1771.00000000,0.4726
1749263613,0.46740000,1548.00000000,0.4726
1749263613,0.46720000,83.00000000,0.4726
1749263613,0.46690000,1110.00000000,0.4726
1749263613,0.46680000,52.00000000,0.4726
1749263613,0.46660000,2554.00000000,0.4726
1749263613,0.46650000,106.00000000,0.4726
1749263613,0.46620000,276.00000000,0.4726
1749263613,0.46610000,94153.00000000,0.4726
1749263613,0.46590000,1322.00000000,0.4726
1749263613,0.46550000,460.00000000,0.4726
1749263613,0.46500000,12.00000000,0.4726
1749263613,0.46490000,2147.00000000,0.4726
1749263613,0.46410000,65.00000000,0.4726
1749263613,0.46380000,2430.00000000,0.4726
1749263613,0.46370000,85.00000000,0.4726
1749263613,0.46360000,92320.00000000,0.4726
1749263613,0.46310000,18.00000000,0.4726
1749263613,0.46160000,65.00000000,0.4726
1749263613,0.46060000,83.00000000,0.4726
1749263613,0.46000000,32.00000000,0.4726
1749263613,0.45910000,65.00000000,0.4726
1749263613,0.45880000,12.00000000,0.4726
1749263613,0.45750000,39.00000000,0.4726
1749263613,0.45730000,36.00000000,0.4726
1749263613,0.45680000,18.00000000,0.4726
1749263613,0.45670000,65.00000000,0.4726
1749263613,0.45500000,23.00000000,0.4726
1749263613,0.45420000,65.00000000,0.4726
1749263613,0.45400000,83.00000000,0.4726
1749263613,0.45180000,65.00000000,0.4726
1749263613,0.45020000,22.00000000,0.4726
1749263613,0.45000000,25109.00000000,0.4726
1749263613,0.44970000,99.00000000,0.4726
1749263613,0.44960000,100.00000000,0.4726
1749263613,0.44930000,65.00000000,0.4726
1749263613,0.44850000,12.00000000,0.4726
1749263613,0.44840000,84.00000000,0.4726
1749263613,0.44800000,12.00000000,0.4726
1749263613,0.44760000,83.00000000,0.4726
1749263613,0.44690000,288.00000000,0.4726
1749263613,0.44660000,38.00000000,0.4726
1749263613,0.44630000,66.00000000,0.4726
1749263613,0.44610000,19.00000000,0.4726
1749263613,0.44600000,142.00000000,0.4726
1749263613,0.44590000,85.00000000,0.4726
1749263613,0.44570000,2243.00000000,0.4726
1749263613,0.44500000,10022.00000000,0.4726
1749263613,0.44490000,60.00000000,0.4726
1749263613,0.44450000,65.00000000,0.4726
1749263613,0.44440000,1125.00000000,0.4726
1749263613,0.44400000,45.00000000,0.4726
1749263613,0.44340000,86.00000000,0.4726
1749263613,0.44310000,12.00000000,0.4726
1749263613,0.44300000,67.00000000,0.4726
1749263613,0.44260000,21.00000000,0.4726
1749263613,0.44250000,18.00000000,0.4726
1749263613,0.44210000,65.00000000,0.4726
1749263613,0.44150000,27.00000000,0.4726
1749263613,0.44120000,126.00000000,0.4726
1749263613,0.44100000,12.00000000,0.4726
1749263613,0.44090000,87.00000000,0.4726
1749263915,0.47310000,62.00000000,0.4732
1749263915,0.47300000,645.00000000,0.4732
1749263915,0.47290000,347.00000000,0.4732
1749263915,0.47280000,1713.00000000,0.4732
1749263915,0.47270000,4110.00000000,0.4732
1749263915,0.47260000,534.00000000,0.4732
1749263915,0.47250000,356.00000000,0.4732
1749263915,0.47240000,1906.00000000,0.4732
1749263915,0.47230000,2517.00000000,0.4732
1749263915,0.47220000,1540.00000000,0.4732
1749263915,0.47210000,4070.00000000,0.4732
1749263915,0.47200000,4819.00000000,0.4732
1749263915,0.47190000,178.00000000,0.4732
1749263915,0.47180000,220.00000000,0.4732
1749263915,0.47170000,1147.00000000,0.4732
1749263915,0.47150000,3257.00000000,0.4732
1749263915,0.47140000,527.00000000,0.4732
1749263915,0.47130000,220.00000000,0.4732
1749263915,0.47110000,304.00000000,0.4732
1749263915,0.47100000,220.00000000,0.4732
1749263915,0.47070000,1443.00000000,0.4732
1749263915,0.47060000,2502.00000000,0.4732
1749263915,0.47050000,4787.00000000,0.4732
1749263915,0.47040000,220.00000000,0.4732
1749263915,0.47030000,1324.00000000,0.4732
1749263915,0.47020000,220.00000000,0.4732
1749263915,0.47000000,2218.00000000,0.4732
1749263915,0.46980000,220.00000000,0.4732
1749263915,0.46960000,220.00000000,0.4732
1749263915,0.46950000,18.00000000,0.4732
1749263915,0.46930000,900.00000000,0.4732
1749263915,0.46910000,1835.00000000,0.4732
1749263915,0.46890000,32456.00000000,0.4732
1749263915,0.46860000,3008.00000000,0.4732
1749263915,0.46840000,1538.00000000,0.4732
1749263915,0.46830000,1817.00000000,0.4732
1749263915,0.46820000,1536.00000000,0.4732
1749263915,0.46800000,1771.00000000,0.4732
1749263915,0.46740000,1548.00000000,0.4732
1749263915,0.46720000,83.00000000,0.4732
1749263915,0.46690000,1110.00000000,0.4732
1749263915,0.46680000,52.00000000,0.4732
1749263915,0.46660000,2554.00000000,0.4732
1749263915,0.46650000,91383.00000000,0.4732
1749263915,0.46640000,772.00000000,0.4732
1749263915,0.46590000,1322.00000000,0.4732
1749263915,0.46550000,2604.00000000,0.4732
1749263915,0.46500000,12.00000000,0.4732
1749263915,0.46410000,90790.00000000,0.4732
1749263915,0.46380000,2430.00000000,0.4732
1749263915,0.46370000,85.00000000,0.4732
1749263915,0.46360000,462.00000000,0.4732
1749263915,0.46310000,18.00000000,0.4732
1749263915,0.46160000,65.00000000,0.4732
1749263915,0.46060000,83.00000000,0.4732
1749263915,0.46000000,32.00000000,0.4732
1749263915,0.45910000,65.00000000,0.4732
1749263915,0.45880000,12.00000000,0.4732
1749263915,0.45750000,39.00000000,0.4732
1749263915,0.45730000,36.00000000,0.4732
1749263915,0.45680000,18.00000000,0.4732
1749263915,0.45670000,65.00000000,0.4732
1749263915,0.45500000,23.00000000,0.4732
1749263915,0.45420000,65.00000000,0.4732
1749263915,0.45400000,83.00000000,0.4732
1749263915,0.45180000,65.00000000,0.4732
1749263915,0.45020000,22.00000000,0.4732
1749263915,0.45000000,25109.00000000,0.4732
1749263915,0.44970000,99.00000000,0.4732
1749263915,0.44960000,100.00000000,0.4732
1749263915,0.44930000,65.00000000,0.4732
1749263915,0.44850000,12.00000000,0.4732
1749263915,0.44840000,84.00000000,0.4732
1749263915,0.44800000,12.00000000,0.4732
1749263915,0.44760000,83.00000000,0.4732
1749263915,0.44690000,288.00000000,0.4732
1749263915,0.44660000,38.00000000,0.4732
1749263915,0.44630000,66.00000000,0.4732
1749263915,0.44610000,19.00000000,0.4732
1749263915,0.44600000,142.00000000,0.4732
1749263915,0.44590000,85.00000000,0.4732
1749263915,0.44570000,2243.00000000,0.4732
1749263915,0.44500000,10022.00000000,0.4732
1749263915,0.44490000,60.00000000,0.4732
1749263915,0.44450000,65.00000000,0.4732
1749263915,0.44440000,1125.00000000,0.4732
1749263915,0.44400000,45.00000000,0.4732
1749263915,0.44340000,86.00000000,0.4732
1749263915,0.44310000,12.00000000,0.4732
1749263915,0.44300000,67.00000000,0.4732
1749263915,0.44260000,21.00000000,0.4732
1749263915,0.44250000,18.00000000,0.4732
1749263915,0.44210000,65.00000000,0.4732
1749263915,0.44150000,27.00000000,0.4732
1749263915,0.44120000,126.00000000,0.4732
1749263915,0.44100000,12.00000000,0.4732
1749263915,0.44090000,87.00000000,0.4732
1749263915,0.44010000,227.00000000,0.4732
1749263915,0.44000000,10453.00000000,0.4732
1749263915,0.43980000,65.00000000,0.4732
1749264216,0.47260000,52.00000000,0.4726
1749264216,0.47250000,190.00000000,0.4726
1749264216,0.47240000,3641.00000000,0.4726
1749264216,0.47230000,2673.00000000,0.4726
1749264216,0.47220000,2220.00000000,0.4726
1749264216,0.47210000,1414.00000000,0.4726
1749264216,0.47200000,4869.00000000,0.4726
1749264216,0.47190000,1863.00000000,0.4726
1749264216,0.47180000,410.00000000,0.4726
1749264216,0.47170000,139.00000000,0.4726
1749264216,0.47160000,725.00000000,0.4726
1749264216,0.47150000,2057.00000000,0.4726
1749264216,0.47130000,280.00000000,0.4726
1749264216,0.47110000,2733.00000000,0.4726
1749264216,0.47100000,220.00000000,0.4726
1749264216,0.47090000,509.00000000,0.4726
1749264216,0.47080000,465.00000000,0.4726
1749264216,0.47070000,1062.00000000,0.4726
1749264216,0.47060000,502.00000000,0.4726
1749264216,0.47050000,220.00000000,0.4726
1749264216,0.47040000,220.00000000,0.4726
1749264216,0.47030000,1324.00000000,0.4726
1749264216,0.47020000,828.00000000,0.4726
1749264216,0.47000000,2218.00000000,0.4726
1749264216,0.46990000,4573.00000000,0.4726
1749264216,0.46980000,220.00000000,0.4726
1749264216,0.46960000,220.00000000,0.4726
1749264216,0.46950000,18.00000000,0.4726
1749264216,0.46930000,220.00000000,0.4726
1749264216,0.46920000,220.00000000,0.4726
1749264216,0.46910000,1835.00000000,0.4726
1749264216,0.46890000,220.00000000,0.4726
1749264216,0.46880000,677.00000000,0.4726
1749264216,0.46860000,1326.00000000,0.4726
1749264216,0.46850000,2371.00000000,0.4726
1749264216,0.46840000,34693.00000000,0.4726
1749264216,0.46830000,1817.00000000,0.4726
1749264216,0.46820000,1536.00000000,0.4726
1749264216,0.46740000,5008.00000000,0.4726
1749264216,0.46720000,83.00000000,0.4726
1749264216,0.46690000,1110.00000000,0.4726
1749264216,0.46680000,52.00000000,0.4726
1749264216,0.46660000,2554.00000000,0.4726
1749264216,0.46600000,91861.00000000,0.4726
1749264216,0.46590000,1322.00000000,0.4726
1749264216,0.46550000,2144.00000000,0.4726
1749264216,0.46540000,276.00000000,0.4726
1749264216,0.46500000,12.00000000,0.4726
1749264216,0.46450000,461.00000000,0.4726
1749264216,0.46410000,65.00000000,0.4726
1749264216,0.46380000,2430.00000000,0.4726
1749264216,0.46370000,85.00000000,0.4726
1749264216,0.46360000,462.00000000,0.4726
1749264216,0.46350000,92124.00000000,0.4726
1749264216,0.46310000,18.00000000,0.4726
1749264216,0.46160000,65.00000000,0.4726
1749264216,0.46060000,83.00000000,0.4726
1749264216,0.46000000,32.00000000,0.4726
1749264216,0.45910000,65.00000000,0.4726
1749264216,0.45880000,12.00000000,0.4726
1749264216,0.45750000,39.00000000,0.4726
1749264216,0.45730000,36.00000000,0.4726
1749264216,0.45680000,18.00000000,0.4726
1749264216,0.45670000,65.00000000,0.4726
1749264216,0.45500000,23.00000000,0.4726
1749264216,0.45420000,65.00000000,0.4726
1749264216,0.45400000,83.00000000,0.4726
1749264216,0.45180000,65.00000000,0.4726
1749264216,0.45020000,22.00000000,0.4726
1749264216,0.45000000,25109.00000000,0.4726
1749264216,0.44970000,99.00000000,0.4726
1749264216,0.44960000,100.00000000,0.4726
1749264216,0.44930000,65.00000000,0.4726
1749264216,0.44850000,12.00000000,0.4726
1749264216,0.44840000,84.00000000,0.4726
1749264216,0.44800000,12.00000000,0.4726
1749264216,0.44760000,83.00000000,0.4726
1749264216,0.44690000,288.00000000,0.4726
1749264216,0.44660000,38.00000000,0.4726
1749264216,0.44630000,66.00000000,0.4726
1749264216,0.44610000,19.00000000,0.4726
1749264216,0.44600000,142.00000000,0.4726
1749264216,0.44590000,85.00000000,0.4726
1749264216,0.44570000,2243.00000000,0.4726
1749264216,0.44500000,10022.00000000,0.4726
1749264216,0.44490000,60.00000000,0.4726
1749264216,0.44450000,65.00000000,0.4726
1749264216,0.44440000,1125.00000000,0.4726
1749264216,0.44400000,45.00000000,0.4726
1749264216,0.44340000,86.00000000,0.4726
1749264216,0.44310000,12.00000000,0.4726
1749264216,0.44300000,67.00000000,0.4726
1749264216,0.44260000,21.00000000,0.4726
1749264216,0.44250000,18.00000000,0.4726
1749264216,0.44210000,65.00000000,0.4726
1749264216,0.44150000,27.00000000,0.4726
1749264216,0.44120000,126.00000000,0.4726
1749264216,0.44100000,12.00000000,0.4726
1749264216,0.44090000,87.00000000,0.4726
1749264216,0.44010000,227.00000000,0.4726
1749264518,0.47270000,62.00000000,0.4728
1749264518,0.47260000,190.00000000,0.4728
1749264518,0.47250000,762.00000000,0.4728
1749264518,0.47240000,827.00000000,0.4728
1749264518,0.47230000,4070.00000000,0.4728
1749264518,0.47220000,535.00000000,0.4728
1749264518,0.47210000,3848.00000000,0.4728
1749264518,0.47200000,1269.00000000,0.4728
1749264518,0.47190000,1901.00000000,0.4728
1749264518,0.47180000,2357.00000000,0.4728
1749264518,0.47170000,139.00000000,0.4728
1749264518,0.47160000,535.00000000,0.4728
1749264518,0.47150000,396.00000000,0.4728
1749264518,0.47130000,280.00000000,0.4728
1749264518,0.47120000,950.00000000,0.4728
1749264518,0.47110000,1784.00000000,0.4728
1749264518,0.47100000,396.00000000,0.4728
1749264518,0.47090000,2509.00000000,0.4728
1749264518,0.47080000,465.00000000,0.4728
1749264518,0.47070000,1062.00000000,0.4728
1749264518,0.47060000,502.00000000,0.4728
1749264518,0.47050000,220.00000000,0.4728
1749264518,0.47040000,220.00000000,0.4728
1749264518,0.47030000,3166.00000000,0.4728
1749264518,0.47020000,723.00000000,0.4728
1749264518,0.47010000,4571.00000000,0.4728
1749264518,0.47000000,253.00000000,0.4728
1749264518,0.46980000,220.00000000,0.4728
1749264518,0.46960000,220.00000000,0.4728
1749264518,0.46950000,18.00000000,0.4728
1749264518,0.46930000,2188.00000000,0.4728
1749264518,0.46920000,220.00000000,0.4728
1749264518,0.46910000,65.00000000,0.4728
1749264518,0.46890000,220.00000000,0.4728
1749264518,0.46880000,677.00000000,0.4728
1749264518,0.46860000,1326.00000000,0.4728
1749264518,0.46850000,33292.00000000,0.4728
1749264518,0.46840000,1538.00000000,0.4728
1749264518,0.46830000,1817.00000000,0.4728
1749264518,0.46820000,1078.00000000,0.4728
1749264518,0.46790000,1775.00000000,0.4728
1749264518,0.46780000,1685.00000000,0.4728
1749264518,0.46750000,458.00000000,0.4728
1749264518,0.46740000,3321.00000000,0.4728
1749264518,0.46720000,83.00000000,0.4728
1749264518,0.46700000,1844.00000000,0.4728
1749264518,0.46690000,1569.00000000,0.4728
1749264518,0.46680000,52.00000000,0.4728
1749264518,0.46660000,2554.00000000,0.4728
1749264518,0.46610000,94446.00000000,0.4728
1749264518,0.46590000,1322.00000000,0.4728
1749264518,0.46550000,2144.00000000,0.4728
1749264518,0.46540000,276.00000000,0.4728
1749264518,0.46500000,12.00000000,0.4728
1749264518,0.46450000,461.00000000,0.4728
1749264518,0.46410000,65.00000000,0.4728
1749264518,0.46380000,2430.00000000,0.4728
1749264518,0.46370000,85.00000000,0.4728
1749264518,0.46360000,462.00000000,0.4728
1749264518,0.46350000,90766.00000000,0.4728
1749264518,0.46310000,18.00000000,0.4728
1749264518,0.46160000,65.00000000,0.4728
1749264518,0.46060000,83.00000000,0.4728
1749264518,0.46000000,32.00000000,0.4728
1749264518,0.45910000,65.00000000,0.4728
1749264518,0.45880000,12.00000000,0.4728
1749264518,0.45750000,39.00000000,0.4728
1749264518,0.45730000,36.00000000,0.4728
1749264518,0.45680000,18.00000000,0.4728
1749264518,0.45670000,65.00000000,0.4728
1749264518,0.45500000,23.00000000,0.4728
1749264518,0.45420000,65.00000000,0.4728
1749264518,0.45400000,83.00000000,0.4728
1749264518,0.45180000,65.00000000,0.4728
1749264518,0.45020000,22.00000000,0.4728
1749264518,0.45000000,25109.00000000,0.4728
1749264518,0.44970000,99.00000000,0.4728
1749264518,0.44960000,100.00000000,0.4728
1749264518,0.44930000,65.00000000,0.4728
1749264518,0.44850000,12.00000000,0.4728
1749264518,0.44840000,84.00000000,0.4728
1749264518,0.44800000,12.00000000,0.4728
1749264518,0.44760000,83.00000000,0.4728
1749264518,0.44690000,288.00000000,0.4728
1749264518,0.44660000,38.00000000,0.4728
1749264518,0.44630000,66.00000000,0.4728
1749264518,0.44610000,19.00000000,0.4728
1749264518,0.44600000,142.00000000,0.4728
1749264518,0.44590000,85.00000000,0.4728
1749264518,0.44570000,2243.00000000,0.4728
1749264518,0.44500000,10022.00000000,0.4728
1749264518,0.44490000,60.00000000,0.4728
1749264518,0.44450000,65.00000000,0.4728
1749264518,0.44440000,1125.00000000,0.4728
1749264518,0.44400000,45.00000000,0.4728
1749264518,0.44340000,86.00000000,0.4728
1749264518,0.44310000,12.00000000,0.4728
1749264518,0.44300000,67.00000000,0.4728
1749264518,0.44260000,21.00000000,0.4728
1749264518,0.44250000,18.00000000,0.4728
1749264820,0.47310000,409.00000000,0.4728
1749264820,0.47300000,490.00000000,0.4728
1749264820,0.47290000,621.00000000,0.4728
1749264820,0.47280000,1534.00000000,0.4728
1749264820,0.47270000,3469.00000000,0.4728
1749264820,0.47260000,1387.00000000,0.4728
1749264820,0.47250000,3857.00000000,0.4728
1749264820,0.47240000,1487.00000000,0.4728
1749264820,0.47230000,3591.00000000,0.4728
1749264820,0.47220000,400.00000000,0.4728
1749264820,0.47210000,178.00000000,0.4728
1749264820,0.47200000,5005.00000000,0.4728
1749264820,0.47190000,178.00000000,0.4728
1749264820,0.47180000,1359.00000000,0.4728
1749264820,0.47170000,199.00000000,0.4728
1749264820,0.47160000,519.00000000,0.4728
1749264820,0.47150000,1935.00000000,0.4728
1749264820,0.47130000,220.00000000,0.4728
1749264820,0.47110000,304.00000000,0.4728
1749264820,0.47100000,220.00000000,0.4728
1749264820,0.47090000,1839.00000000,0.4728
1749264820,0.47080000,465.00000000,0.4728
1749264820,0.47070000,978.00000000,0.4728
1749264820,0.47060000,502.00000000,0.4728
1749264820,0.47050000,220.00000000,0.4728
1749264820,0.47040000,4788.00000000,0.4728
1749264820,0.47030000,1324.00000000,0.4728
1749264820,0.47020000,829.00000000,0.4728
1749264820,0.47000000,253.00000000,0.4728
1749264820,0.46980000,220.00000000,0.4728
1749264820,0.46960000,220.00000000,0.4728
1749264820,0.46950000,1830.00000000,0.4728
1749264820,0.46940000,680.00000000,0.4728
1749264820,0.46930000,2188.00000000,0.4728
1749264820,0.46910000,3835.00000000,0.4728
1749264820,0.46890000,32925.00000000,0.4728
1749264820,0.46870000,1768.00000000,0.4728
1749264820,0.46860000,1326.00000000,0.4728
1749264820,0.46840000,1538.00000000,0.4728
1749264820,0.46830000,3523.00000000,0.4728
1749264820,0.46820000,1078.00000000,0.4728
1749264820,0.46810000,458.00000000,0.4728
1749264820,0.46740000,1548.00000000,0.4728
1749264820,0.46720000,83.00000000,0.4728
1749264820,0.46690000,1110.00000000,0.4728
1749264820,0.46680000,52.00000000,0.4728
1749264820,0.46660000,94636.00000000,0.4728
1749264820,0.46640000,275.00000000,0.4728
1749264820,0.46620000,370.00000000,0.4728
1749264820,0.46590000,1322.00000000,0.4728
1749264820,0.46560000,460.00000000,0.4728
1749264820,0.46550000,2144.00000000,0.4728
1749264820,0.46500000,12.00000000,0.4728
1749264820,0.46410000,65.00000000,0.4728
1749264820,0.46400000,92503.00000000,0.4728
1749264820,0.46380000,2430.00000000,0.4728
1749264820,0.46370000,85.00000000,0.4728
1749264820,0.46360000,462.00000000,0.4728
1749264820,0.46310000,18.00000000,0.4728
1749264820,0.46160000,65.00000000,0.4728
1749264820,0.46060000,83.00000000,0.4728
1749264820,0.46000000,32.00000000,0.4728
1749264820,0.45910000,65.00000000,0.4728
1749264820,0.45880000,12.00000000,0.4728
1749264820,0.45750000,39.00000000,0.4728
1749264820,0.45730000,36.00000000,0.4728
1749264820,0.45680000,18.00000000,0.4728
1749264820,0.45670000,65.00000000,0.4728
1749264820,0.45500000,23.00000000,0.4728
1749264820,0.45420000,65.00000000,0.4728
1749264820,0.45400000,83.00000000,0.4728
1749264820,0.45180000,65.00000000,0.4728
1749264820,0.45020000,22.00000000,0.4728
1749264820,0.45000000,25109.00000000,0.4728
1749264820,0.44970000,99.00000000,0.4728
1749264820,0.44960000,100.00000000,0.4728
1749264820,0.44930000,65.00000000,0.4728
1749264820,0.44850000,12.00000000,0.4728
1749264820,0.44840000,84.00000000,0.4728
1749264820,0.44800000,12.00000000,0.4728
1749264820,0.44760000,83.00000000,0.4728
1749264820,0.44690000,288.00000000,0.4728
1749264820,0.44660000,38.00000000,0.4728
1749264820,0.44630000,66.00000000,0.4728
1749264820,0.44610000,19.00000000,0.4728
1749264820,0.44600000,142.00000000,0.4728
1749264820,0.44590000,85.00000000,0.4728
1749264820,0.44570000,2243.00000000,0.4728
1749264820,0.44500000,10022.00000000,0.4728
1749264820,0.44490000,60.00000000,0.4728
1749264820,0.44450000,65.00000000,0.4728
1749264820,0.44440000,1125.00000000,0.4728
1749264820,0.44400000,45.00000000,0.4728
1749264820,0.44340000,86.00000000,0.4728
1749264820,0.44310000,12.00000000,0.4728
1749264820,0.44300000,67.00000000,0.4728
1749264820,0.44260000,21.00000000,0.4728
1749264820,0.44250000,18.00000000,0.4728
1749264820,0.44210000,65.00000000,0.4728
1749264820,0.44150000,27.00000000,0.4728
1749265121,0.47350000,800.00000000,0.4733
1749265121,0.47330000,728.00000000,0.4733
1749265121,0.47320000,162.00000000,0.4733
1749265121,0.47310000,409.00000000,0.4733
1749265121,0.47300000,719.00000000,0.4733
1749265121,0.47290000,290.00000000,0.4733
1749265121,0.47280000,405.00000000,0.4733
1749265121,0.47270000,190.00000000,0.4733
1749265121,0.47260000,675.00000000,0.4733
1749265121,0.47250000,578.00000000,0.4733
1749265121,0.47240000,410.00000000,0.4733
1749265121,0.47220000,1108.00000000,0.4733
1749265121,0.47210000,2843.00000000,0.4733
1749265121,0.47200000,4809.00000000,0.4733
1749265121,0.47190000,1030.00000000,0.4733
1749265121,0.47180000,220.00000000,0.4733
1749265121,0.47150000,812.00000000,0.4733
1749265121,0.47130000,220.00000000,0.4733
1749265121,0.47110000,220.00000000,0.4733
1749265121,0.47100000,5284.00000000,0.4733
1749265121,0.47090000,386.00000000,0.4733
1749265121,0.47080000,465.00000000,0.4733
1749265121,0.47070000,978.00000000,0.4733
1749265121,0.47060000,502.00000000,0.4733
1749265121,0.47050000,2183.00000000,0.4733
1749265121,0.47040000,220.00000000,0.4733
1749265121,0.47030000,3090.00000000,0.4733
1749265121,0.47020000,220.00000000,0.4733
1749265121,0.47000000,253.00000000,0.4733
1749265121,0.46980000,220.00000000,0.4733
1749265121,0.46960000,2516.00000000,0.4733
1749265121,0.46950000,4823.00000000,0.4733
1749265121,0.46930000,32514.00000000,0.4733
1749265121,0.46920000,2000.00000000,0.4733
1749265121,0.46910000,65.00000000,0.4733
1749265121,0.46870000,1768.00000000,0.4733
1749265121,0.46840000,1538.00000000,0.4733
1749265121,0.46820000,1078.00000000,0.4733
1749265121,0.46810000,458.00000000,0.4733
1749265121,0.46740000,1823.00000000,0.4733
1749265121,0.46720000,83.00000000,0.4733
1749265121,0.46690000,1110.00000000,0.4733
1749265121,0.46680000,92131.00000000,0.4733
1749265121,0.46670000,459.00000000,0.4733
1749265121,0.46660000,2554.00000000,0.4733
1749265121,0.46590000,1322.00000000,0.4733
1749265121,0.46520000,2145.00000000,0.4733
1749265121,0.46500000,12.00000000,0.4733
1749265121,0.46460000,461.00000000,0.4733
1749265121,0.46440000,334.00000000,0.4733
1749265121,0.46430000,91064.00000000,0.4733
1749265121,0.46410000,65.00000000,0.4733
1749265121,0.46380000,2430.00000000,0.4733
1749265121,0.46370000,85.00000000,0.4733
1749265121,0.46310000,18.00000000,0.4733
1749265121,0.46160000,65.00000000,0.4733
1749265121,0.46060000,83.00000000,0.4733
1749265121,0.46000000,32.00000000,0.4733
1749265121,0.45910000,65.00000000,0.4733
1749265121,0.45880000,12.00000000,0.4733
1749265121,0.45750000,39.00000000,0.4733
1749265121,0.45730000,36.00000000,0.4733
1749265121,0.45680000,18.00000000,0.4733
1749265121,0.45670000,65.00000000,0.4733
1749265121,0.45500000,23.00000000,0.4733
1749265121,0.45420000,65.00000000,0.4733
1749265121,0.45400000,83.00000000,0.4733
1749265121,0.45180000,65.00000000,0.4733
1749265121,0.45020000,22.00000000,0.4733
1749265121,0.45000000,25109.00000000,0.4733
1749265121,0.44970000,99.00000000,0.4733
1749265121,0.44960000,100.00000000,0.4733
1749265121,0.44930000,65.00000000,0.4733
1749265121,0.44850000,12.00000000,0.4733
1749265121,0.44840000,84.00000000,0.4733
1749265121,0.44800000,12.00000000,0.4733
1749265121,0.44760000,83.00000000,0.4733
1749265121,0.44690000,288.00000000,0.4733
1749265121,0.44660000,38.00000000,0.4733
1749265121,0.44630000,66.00000000,0.4733
1749265121,0.44610000,19.00000000,0.4733
1749265121,0.44600000,142.00000000,0.4733
1749265121,0.44590000,85.00000000,0.4733
1749265121,0.44570000,2243.00000000,0.4733
1749265121,0.44500000,10022.00000000,0.4733
1749265121,0.44490000,60.00000000,0.4733
1749265121,0.44450000,65.00000000,0.4733
1749265121,0.44440000,1125.00000000,0.4733
1749265121,0.44400000,45.00000000,0.4733
1749265121,0.44340000,86.00000000,0.4733
1749265121,0.44310000,12.00000000,0.4733
1749265121,0.44300000,67.00000000,0.4733
1749265121,0.44260000,21.00000000,0.4733
1749265121,0.44250000,18.00000000,0.4733
1749265121,0.44210000,65.00000000,0.4733
1749265121,0.44150000,27.00000000,0.4733
1749265121,0.44120000,126.00000000,0.4733
1749265121,0.44100000,12.00000000,0.4733
1749265121,0.44090000,87.00000000,0.4733
1749265121,0.44010000,227.00000000,0.4733
1749265423,0.47420000,300.00000000,0.4743
1749265423,0.47410000,429.00000000,0.4743
1749265423,0.47390000,332.00000000,0.4743
1749265423,0.47380000,286.00000000,0.4743
1749265423,0.47370000,219.00000000,0.4743
1749265423,0.47360000,774.00000000,0.4743
1749265423,0.47350000,226.00000000,0.4743
1749265423,0.47340000,277.00000000,0.4743
1749265423,0.47330000,347.00000000,0.4743
1749265423,0.47320000,1452.00000000,0.4743
1749265423,0.47310000,4842.00000000,0.4743
1749265423,0.47300000,584.00000000,0.4743
1749265423,0.47290000,220.00000000,0.4743
1749265423,0.47280000,219.00000000,0.4743
1749265423,0.47270000,531.00000000,0.4743
1749265423,0.47250000,220.00000000,0.4743
1749265423,0.47240000,2196.00000000,0.4743
1749265423,0.47220000,220.00000000,0.4743
1749265423,0.47210000,507.00000000,0.4743
1749265423,0.47200000,2055.00000000,0.4743
1749265423,0.47190000,585.00000000,0.4743
1749265423,0.47180000,220.00000000,0.4743
1749265423,0.47170000,529.00000000,0.4743
1749265423,0.47160000,4556.00000000,0.4743
1749265423,0.47150000,978.00000000,0.4743
1749265423,0.47140000,501.00000000,0.4743
1749265423,0.47130000,220.00000000,0.4743
1749265423,0.47110000,220.00000000,0.4743
1749265423,0.47100000,220.00000000,0.4743
1749265423,0.47090000,1334.00000000,0.4743
1749265423,0.47070000,220.00000000,0.4743
1749265423,0.47050000,2183.00000000,0.4743
1749265423,0.47030000,2451.00000000,0.4743
1749265423,0.47000000,33.00000000,0.4743
1749265423,0.46990000,35027.00000000,0.4743
1749265423,0.46960000,2109.00000000,0.4743
1749265423,0.46950000,5629.00000000,0.4743
1749265423,0.46930000,1536.00000000,0.4743
1749265423,0.46920000,1076.00000000,0.4743
1749265423,0.46910000,65.00000000,0.4743
1749265423,0.46870000,1768.00000000,0.4743
1749265423,0.46780000,2489.00000000,0.4743
1749265423,0.46760000,92838.00000000,0.4743
1749265423,0.46750000,1109.00000000,0.4743
1749265423,0.46740000,1823.00000000,0.4743
1749265423,0.46720000,83.00000000,0.4743
1749265423,0.46710000,111.00000000,0.4743
1749265423,0.46680000,52.00000000,0.4743
1749265423,0.46670000,459.00000000,0.4743
1749265423,0.46660000,65.00000000,0.4743
1749265423,0.46590000,1322.00000000,0.4743
1749265423,0.46520000,95750.00000000,0.4743
1749265423,0.46500000,12.00000000,0.4743
1749265423,0.46460000,461.00000000,0.4743
1749265423,0.46410000,65.00000000,0.4743
1749265423,0.46380000,2430.00000000,0.4743
1749265423,0.46370000,85.00000000,0.4743
1749265423,0.46310000,18.00000000,0.4743
1749265423,0.46160000,65.00000000,0.4743
1749265423,0.46060000,83.00000000,0.4743
1749265423,0.46000000,32.00000000,0.4743
1749265423,0.45910000,65.00000000,0.4743
1749265423,0.45880000,12.00000000,0.4743
1749265423,0.45750000,39.00000000,0.4743
1749265423,0.45730000,36.00000000,0.4743
1749265423,0.45680000,18.00000000,0.4743
1749265423,0.45670000,65.00000000,0.4743
1749265423,0.45500000,23.00000000,0.4743
1749265423,0.45420000,65.00000000,0.4743
1749265423,0.45400000,83.00000000,0.4743
1749265423,0.45180000,65.00000000,0.4743
1749265423,0.45020000,22.00000000,0.4743
1749265423,0.45000000,25109.00000000,0.4743
1749265423,0.44970000,99.00000000,0.4743
1749265423,0.44960000,100.00000000,0.4743
1749265423,0.44930000,65.00000000,0.4743
1749265423,0.44850000,12.00000000,0.4743
1749265423,0.44840000,84.00000000,0.4743
1749265423,0.44800000,12.00000000,0.4743
1749265423,0.44760000,83.00000000,0.4743
1749265423,0.44690000,288.00000000,0.4743
1749265423,0.44660000,38.00000000,0.4743
1749265423,0.44630000,66.00000000,0.4743
1749265423,0.44610000,19.00000000,0.4743
1749265423,0.44600000,142.00000000,0.4743
1749265423,0.44590000,85.00000000,0.4743
1749265423,0.44570000,2243.00000000,0.4743
1749265423,0.44500000,10022.00000000,0.4743
1749265423,0.44490000,60.00000000,0.4743
1749265423,0.44450000,65.00000000,0.4743
1749265423,0.44440000,1170.00000000,0.4743
1749265423,0.44400000,45.00000000,0.4743
1749265423,0.44340000,86.00000000,0.4743
1749265423,0.44310000,12.00000000,0.4743
1749265423,0.44300000,67.00000000,0.4743
1749265423,0.44260000,21.00000000,0.4743
1749265423,0.44250000,18.00000000,0.4743
1749265423,0.44210000,65.00000000,0.4743
1749265423,0.44150000,27.00000000,0.4743
1749265423,0.44120000,126.00000000,0.4743
1749265728,0.47350000,114.00000000,0.4739
1749265728,0.47340000,885.00000000,0.4739
1749265728,0.47330000,405.00000000,0.4739
1749265728,0.47320000,1958.00000000,0.4739
1749265728,0.47310000,6081.00000000,0.4739
1749265728,0.47300000,1362.00000000,0.4739
1749265728,0.47290000,4051.00000000,0.4739
1749265728,0.47280000,2799.00000000,0.4739
1749265728,0.47270000,1481.00000000,0.4739
1749265728,0.47250000,2173.00000000,0.4739
1749265728,0.47240000,3385.00000000,0.4739
1749265728,0.47220000,727.00000000,0.4739
1749265728,0.47210000,583.00000000,0.4739
1749265728,0.47200000,2230.00000000,0.4739
1749265728,0.47190000,585.00000000,0.4739
1749265728,0.47180000,684.00000000,0.4739
1749265728,0.47170000,65.00000000,0.4739
1749265728,0.47160000,501.00000000,0.4739
1749265728,0.47150000,1149.00000000,0.4739
1749265728,0.47130000,2179.00000000,0.4739
1749265728,0.47110000,4781.00000000,0.4739
1749265728,0.47100000,220.00000000,0.4739
1749265728,0.47090000,5100.00000000,0.4739
1749265728,0.47070000,220.00000000,0.4739
1749265728,0.47060000,1809.00000000,0.4739
1749265728,0.47050000,220.00000000,0.4739
1749265728,0.47040000,219.00000000,0.4739
1749265728,0.47030000,1678.00000000,0.4739
1749265728,0.47020000,1833.00000000,0.4739
1749265728,0.47010000,219.00000000,0.4739
1749265728,0.47000000,33.00000000,0.4739
1749265728,0.46990000,1765.00000000,0.4739
1749265728,0.46980000,219.00000000,0.4739
1749265728,0.46970000,680.00000000,0.4739
1749265728,0.46950000,1787.00000000,0.4739
1749265728,0.46930000,35465.00000000,0.4739
1749265728,0.46920000,1076.00000000,0.4739
1749265728,0.46910000,65.00000000,0.4739
1749265728,0.46840000,274.00000000,0.4739
1749265728,0.46780000,2489.00000000,0.4739
1749265728,0.46760000,1109.00000000,0.4739
1749265728,0.46740000,1548.00000000,0.4739
1749265728,0.46720000,83.00000000,0.4739
1749265728,0.46710000,1685.00000000,0.4739
1749265728,0.46700000,105.00000000,0.4739
1749265728,0.46690000,90197.00000000,0.4739
1749265728,0.46680000,52.00000000,0.4739
1749265728,0.46670000,459.00000000,0.4739
1749265728,0.46660000,65.00000000,0.4739
1749265728,0.46580000,460.00000000,0.4739
1749265728,0.46560000,2419.00000000,0.4739
1749265728,0.46520000,2145.00000000,0.4739
1749265728,0.46500000,12.00000000,0.4739
1749265728,0.46460000,91548.00000000,0.4739
1749265728,0.46410000,65.00000000,0.4739
1749265728,0.46370000,85.00000000,0.4739
1749265728,0.46310000,18.00000000,0.4739
1749265728,0.46160000,65.00000000,0.4739
1749265728,0.46060000,83.00000000,0.4739
1749265728,0.46000000,32.00000000,0.4739
1749265728,0.45910000,65.00000000,0.4739
1749265728,0.45880000,12.00000000,0.4739
1749265728,0.45750000,39.00000000,0.4739
1749265728,0.45730000,36.00000000,0.4739
1749265728,0.45680000,18.00000000,0.4739
1749265728,0.45670000,65.00000000,0.4739
1749265728,0.45500000,23.00000000,0.4739
1749265728,0.45420000,65.00000000,0.4739
1749265728,0.45400000,83.00000000,0.4739
1749265728,0.45180000,65.00000000,0.4739
1749265728,0.45020000,22.00000000,0.4739
1749265728,0.45000000,25109.00000000,0.4739
1749265728,0.44970000,99.00000000,0.4739
1749265728,0.44960000,100.00000000,0.4739
1749265728,0.44930000,65.00000000,0.4739
1749265728,0.44850000,12.00000000,0.4739
1749265728,0.44840000,84.00000000,0.4739
1749265728,0.44800000,12.00000000,0.4739
1749265728,0.44760000,83.00000000,0.4739
1749265728,0.44690000,288.00000000,0.4739
1749265728,0.44660000,38.00000000,0.4739
1749265728,0.44630000,66.00000000,0.4739
1749265728,0.44610000,19.00000000,0.4739
1749265728,0.44600000,142.00000000,0.4739
1749265728,0.44590000,85.00000000,0.4739
1749265728,0.44570000,2243.00000000,0.4739
1749265728,0.44500000,10022.00000000,0.4739
1749265728,0.44490000,60.00000000,0.4739
1749265728,0.44450000,65.00000000,0.4739
1749265728,0.44440000,1170.00000000,0.4739
1749265728,0.44400000,45.00000000,0.4739
1749265728,0.44340000,86.00000000,0.4739
1749265728,0.44310000,12.00000000,0.4739
1749265728,0.44300000,67.00000000,0.4739
1749265728,0.44260000,21.00000000,0.4739
1749265728,0.44250000,18.00000000,0.4739
1749265728,0.44210000,65.00000000,0.4739
1749265728,0.44150000,27.00000000,0.4739
1749265728,0.44120000,126.00000000,0.4739
1749265728,0.44100000,12.00000000,0.4739
1749266030,0.47440000,2180.00000000,0.4748
1749266030,0.47430000,757.00000000,0.4748
1749266030,0.47420000,462.00000000,0.4748
1749266030,0.47410000,1700.00000000,0.4748
1749266030,0.47400000,4533.00000000,0.4748
1749266030,0.47390000,1716.00000000,0.4748
1749266030,0.47380000,4042.00000000,0.4748
1749266030,0.47370000,990.00000000,0.4748
1749266030,0.47360000,2762.00000000,0.4748
1749266030,0.47350000,2880.00000000,0.4748
1749266030,0.47340000,4385.00000000,0.4748
1749266030,0.47330000,2438.00000000,0.4748
1749266030,0.47320000,1831.00000000,0.4748
1749266030,0.47310000,219.00000000,0.4748
1749266030,0.47300000,219.00000000,0.4748
1749266030,0.47290000,529.00000000,0.4748
1749266030,0.47280000,810.00000000,0.4748
1749266030,0.47270000,500.00000000,0.4748
1749266030,0.47260000,463.00000000,0.4748
1749266030,0.47250000,720.00000000,0.4748
1749266030,0.47240000,2220.00000000,0.4748
1749266030,0.47230000,758.00000000,0.4748
1749266030,0.47220000,220.00000000,0.4748
1749266030,0.47200000,331.00000000,0.4748
1749266030,0.47190000,4553.00000000,0.4748
1749266030,0.47180000,2178.00000000,0.4748
1749266030,0.47170000,65.00000000,0.4748
1749266030,0.47150000,1547.00000000,0.4748
1749266030,0.47130000,220.00000000,0.4748
1749266030,0.47110000,220.00000000,0.4748
1749266030,0.47100000,494.00000000,0.4748
1749266030,0.47090000,1762.00000000,0.4748
1749266030,0.47080000,2448.00000000,0.4748
1749266030,0.47070000,219.00000000,0.4748
1749266030,0.47060000,3340.00000000,0.4748
1749266030,0.47040000,1334.00000000,0.4748
1749266030,0.47030000,1678.00000000,0.4748
1749266030,0.47020000,35697.00000000,0.4748
1749266030,0.47000000,33.00000000,0.4748
1749266030,0.46960000,52.00000000,0.4748
1749266030,0.46950000,474.00000000,0.4748
1749266030,0.46920000,1076.00000000,0.4748
1749266030,0.46910000,65.00000000,0.4748
1749266030,0.46880000,457.00000000,0.4748
1749266030,0.46860000,1544.00000000,0.4748
1749266030,0.46840000,1381.00000000,0.4748
1749266030,0.46810000,328.00000000,0.4748
1749266030,0.46780000,94165.00000000,0.4748
1749266030,0.46720000,83.00000000,0.4748
1749266030,0.46710000,1318.00000000,0.4748
1749266030,0.46680000,2138.00000000,0.4748
1749266030,0.46660000,65.00000000,0.4748
1749266030,0.46580000,460.00000000,0.4748
1749266030,0.46560000,2419.00000000,0.4748
1749266030,0.46540000,94182.00000000,0.4748
1749266030,0.46500000,12.00000000,0.4748
1749266030,0.46410000,65.00000000,0.4748
1749266030,0.46370000,85.00000000,0.4748
1749266030,0.46310000,18.00000000,0.4748
1749266030,0.46160000,65.00000000,0.4748
1749266030,0.46060000,83.00000000,0.4748
1749266030,0.46000000,32.00000000,0.4748
1749266030,0.45910000,65.00000000,0.4748
1749266030,0.45880000,12.00000000,0.4748
1749266030,0.45750000,39.00000000,0.4748
1749266030,0.45730000,36.00000000,0.4748
1749266030,0.45680000,18.00000000,0.4748
1749266030,0.45670000,65.00000000,0.4748
1749266030,0.45500000,23.00000000,0.4748
1749266030,0.45420000,65.00000000,0.4748
1749266030,0.45400000,83.00000000,0.4748
1749266030,0.45180000,65.00000000,0.4748
1749266030,0.45020000,22.00000000,0.4748
1749266030,0.45000000,25109.00000000,0.4748
1749266030,0.44970000,99.00000000,0.4748
1749266030,0.44960000,100.00000000,0.4748
1749266030,0.44930000,65.00000000,0.4748
1749266030,0.44850000,12.00000000,0.4748
1749266030,0.44840000,84.00000000,0.4748
1749266030,0.44800000,12.00000000,0.4748
1749266030,0.44760000,83.00000000,0.4748
1749266030,0.44690000,288.00000000,0.4748
1749266030,0.44660000,38.00000000,0.4748
1749266030,0.44630000,66.00000000,0.4748
1749266030,0.44610000,19.00000000,0.4748
1749266030,0.44600000,142.00000000,0.4748
1749266030,0.44590000,85.00000000,0.4748
1749266030,0.44570000,2243.00000000,0.4748
1749266030,0.44500000,10022.00000000,0.4748
1749266030,0.44490000,60.00000000,0.4748
1749266030,0.44450000,65.00000000,0.4748
1749266030,0.44440000,1170.00000000,0.4748
1749266030,0.44400000,45.00000000,0.4748
1749266030,0.44340000,86.00000000,0.4748
1749266030,0.44310000,12.00000000,0.4748
1749266030,0.44300000,67.00000000,0.4748
1749266030,0.44260000,21.00000000,0.4748
1749266030,0.44250000,18.00000000,0.4748
1749266030,0.44210000,65.00000000,0.4748
1749266030,0.44150000,27.00000000,0.4748
1749266332,0.47430000,3952.00000000,0.4749
1749266332,0.47420000,457.00000000,0.4749
1749266332,0.47410000,1700.00000000,0.4749
1749266332,0.47400000,5691.00000000,0.4749
1749266332,0.47390000,3874.00000000,0.4749
1749266332,0.47380000,927.00000000,0.4749
1749266332,0.47370000,3091.00000000,0.4749
1749266332,0.47360000,2448.00000000,0.4749
1749266332,0.47350000,2657.00000000,0.4749
1749266332,0.47340000,1724.00000000,0.4749
1749266332,0.47330000,2263.00000000,0.4749
1749266332,0.47310000,1166.00000000,0.4749
1749266332,0.47300000,913.00000000,0.4749
1749266332,0.47290000,1111.00000000,0.4749
1749266332,0.47280000,726.00000000,0.4749
1749266332,0.47270000,500.00000000,0.4749
1749266332,0.47260000,463.00000000,0.4749
1749266332,0.47250000,888.00000000,0.4749
1749266332,0.47240000,220.00000000,0.4749
1749266332,0.47230000,2758.00000000,0.4749
1749266332,0.47220000,4770.00000000,0.4749
1749266332,0.47210000,3314.00000000,0.4749
1749266332,0.47200000,321.00000000,0.4749
1749266332,0.47180000,2026.00000000,0.4749
1749266332,0.47170000,65.00000000,0.4749
1749266332,0.47150000,220.00000000,0.4749
1749266332,0.47130000,220.00000000,0.4749
1749266332,0.47110000,219.00000000,0.4749
1749266332,0.47100000,1763.00000000,0.4749
1749266332,0.47090000,219.00000000,0.4749
1749266332,0.47080000,1762.00000000,0.4749
1749266332,0.47070000,219.00000000,0.4749
1749266332,0.47060000,1531.00000000,0.4749
1749266332,0.47050000,685.00000000,0.4749
1749266332,0.47040000,2407.00000000,0.4749
1749266332,0.47030000,1679.00000000,0.4749
1749266332,0.47020000,2513.00000000,0.4749
1749266332,0.47010000,32623.00000000,0.4749
1749266332,0.47000000,33.00000000,0.4749
1749266332,0.46960000,52.00000000,0.4749
1749266332,0.46950000,474.00000000,0.4749
1749266332,0.46910000,65.00000000,0.4749
1749266332,0.46880000,457.00000000,0.4749
1749266332,0.46860000,1544.00000000,0.4749
1749266332,0.46840000,1381.00000000,0.4749
1749266332,0.46780000,2503.00000000,0.4749
1749266332,0.46770000,93658.00000000,0.4749
1749266332,0.46720000,83.00000000,0.4749
1749266332,0.46710000,1318.00000000,0.4749
1749266332,0.46680000,2138.00000000,0.4749
1749266332,0.46660000,65.00000000,0.4749
1749266332,0.46580000,460.00000000,0.4749
1749266332,0.46560000,2419.00000000,0.4749
1749266332,0.46540000,91931.00000000,0.4749
1749266332,0.46500000,12.00000000,0.4749
1749266332,0.46410000,65.00000000,0.4749
1749266332,0.46370000,85.00000000,0.4749
1749266332,0.46310000,18.00000000,0.4749
1749266332,0.46160000,65.00000000,0.4749
1749266332,0.46060000,83.00000000,0.4749
1749266332,0.46000000,32.00000000,0.4749
1749266332,0.45910000,65.00000000,0.4749
1749266332,0.45880000,12.00000000,0.4749
1749266332,0.45750000,39.00000000,0.4749
1749266332,0.45730000,36.00000000,0.4749
1749266332,0.45680000,18.00000000,0.4749
1749266332,0.45670000,65.00000000,0.4749
1749266332,0.45500000,23.00000000,0.4749
1749266332,0.45420000,65.00000000,0.4749
1749266332,0.45400000,83.00000000,0.4749
1749266332,0.45180000,65.00000000,0.4749
1749266332,0.45020000,22.00000000,0.4749
1749266332,0.45000000,25109.00000000,0.4749
1749266332,0.44970000,99.00000000,0.4749
1749266332,0.44960000,100.00000000,0.4749
1749266332,0.44930000,65.00000000,0.4749
1749266332,0.44850000,12.00000000,0.4749
1749266332,0.44840000,84.00000000,0.4749
1749266332,0.44800000,12.00000000,0.4749
1749266332,0.44760000,83.00000000,0.4749
1749266332,0.44690000,288.00000000,0.4749
1749266332,0.44660000,38.00000000,0.4749
1749266332,0.44630000,66.00000000,0.4749
1749266332,0.44610000,19.00000000,0.4749
1749266332,0.44600000,142.00000000,0.4749
1749266332,0.44590000,85.00000000,0.4749
1749266332,0.44570000,2243.00000000,0.4749
1749266332,0.44500000,10022.00000000,0.4749
1749266332,0.44490000,60.00000000,0.4749
1749266332,0.44450000,65.00000000,0.4749
1749266332,0.44440000,1170.00000000,0.4749
1749266332,0.44400000,45.00000000,0.4749
1749266332,0.44340000,86.00000000,0.4749
1749266332,0.44310000,12.00000000,0.4749
1749266332,0.44300000,67.00000000,0.4749
1749266332,0.44260000,21.00000000,0.4749
1749266332,0.44250000,18.00000000,0.4749
1749266332,0.44210000,65.00000000,0.4749
1749266332,0.44150000,27.00000000,0.4749
1749266332,0.44120000,126.00000000,0.4749
1749266642,0.47500000,507.00000000,0.4752
1749266642,0.47490000,1264.00000000,0.4752
1749266642,0.47480000,158.00000000,0.4752
1749266642,0.47470000,184.00000000,0.4752
1749266642,0.47460000,1545.00000000,0.4752
1749266642,0.47450000,5341.00000000,0.4752
1749266642,0.47440000,4047.00000000,0.4752
1749266642,0.47430000,535.00000000,0.4752
1749266642,0.47420000,1435.00000000,0.4752
1749266642,0.47410000,4242.00000000,0.4752
1749266642,0.47400000,1098.00000000,0.4752
1749266642,0.47390000,166.00000000,0.4752
1749266642,0.47380000,4041.00000000,0.4752
1749266642,0.47370000,279.00000000,0.4752
1749266642,0.47350000,394.00000000,0.4752
1749266642,0.47340000,531.00000000,0.4752
1749266642,0.47330000,219.00000000,0.4752
1749266642,0.47310000,1166.00000000,0.4752
1749266642,0.47300000,393.00000000,0.4752
1749266642,0.47290000,1111.00000000,0.4752
1749266642,0.47280000,726.00000000,0.4752
1749266642,0.47270000,500.00000000,0.4752
1749266642,0.47260000,463.00000000,0.4752
1749266642,0.47250000,4554.00000000,0.4752
1749266642,0.47240000,4768.00000000,0.4752
1749266642,0.47230000,758.00000000,0.4752
1749266642,0.47220000,220.00000000,0.4752
1749266642,0.47210000,1357.00000000,0.4752
1749266642,0.47200000,220.00000000,0.4752
1749266642,0.47180000,220.00000000,0.4752
1749266642,0.47170000,65.00000000,0.4752
1749266642,0.47150000,220.00000000,0.4752
1749266642,0.47140000,1960.00000000,0.4752
1749266642,0.47130000,220.00000000,0.4752
1749266642,0.47120000,688.00000000,0.4752
1749266642,0.47110000,218.00000000,0.4752
1749266642,0.47100000,1763.00000000,0.4752
1749266642,0.47090000,33616.00000000,0.4752
1749266642,0.47060000,3341.00000000,0.4752
1749266642,0.47050000,301.00000000,0.4752
1749266642,0.47040000,2407.00000000,0.4752
1749266642,0.47030000,1679.00000000,0.4752
1749266642,0.47020000,1834.00000000,0.4752
1749266642,0.47000000,33.00000000,0.4752
1749266642,0.46960000,1819.00000000,0.4752
1749266642,0.46950000,474.00000000,0.4752
1749266642,0.46910000,2490.00000000,0.4752
1749266642,0.46860000,1544.00000000,0.4752
1749266642,0.46850000,92014.00000000,0.4752
1749266642,0.46840000,1381.00000000,0.4752
1749266642,0.46810000,466.00000000,0.4752
1749266642,0.46780000,458.00000000,0.4752
1749266642,0.46720000,83.00000000,0.4752
1749266642,0.46710000,1318.00000000,0.4752
1749266642,0.46680000,2138.00000000,0.4752
1749266642,0.46660000,65.00000000,0.4752
1749266642,0.46610000,91373.00000000,0.4752
1749266642,0.46580000,460.00000000,0.4752
1749266642,0.46560000,2419.00000000,0.4752
1749266642,0.46500000,12.00000000,0.4752
1749266642,0.46410000,65.00000000,0.4752
1749266642,0.46370000,85.00000000,0.4752
1749266642,0.46310000,18.00000000,0.4752
1749266642,0.46160000,65.00000000,0.4752
1749266642,0.46060000,83.00000000,0.4752
1749266642,0.46000000,32.00000000,0.4752
1749266642,0.45910000,65.00000000,0.4752
1749266642,0.45880000,12.00000000,0.4752
1749266642,0.45750000,39.00000000,0.4752
1749266642,0.45730000,36.00000000,0.4752
1749266642,0.45680000,18.00000000,0.4752
1749266642,0.45670000,65.00000000,0.4752
1749266642,0.45500000,23.00000000,0.4752
1749266642,0.45420000,65.00000000,0.4752
1749266642,0.45400000,83.00000000,0.4752
1749266642,0.45180000,65.00000000,0.4752
1749266642,0.45020000,22.00000000,0.4752
1749266642,0.45000000,25109.00000000,0.4752
1749266642,0.44970000,99.00000000,0.4752
1749266642,0.44960000,100.00000000,0.4752
1749266642,0.44930000,65.00000000,0.4752
1749266642,0.44850000,12.00000000,0.4752
1749266642,0.44840000,84.00000000,0.4752
1749266642,0.44800000,12.00000000,0.4752
1749266642,0.44760000,83.00000000,0.4752
1749266642,0.44690000,288.00000000,0.4752
1749266642,0.44660000,38.00000000,0.4752
1749266642,0.44630000,66.00000000,0.4752
1749266642,0.44610000,19.00000000,0.4752
1749266642,0.44600000,142.00000000,0.4752
1749266642,0.44590000,85.00000000,0.4752
1749266642,0.44570000,2243.00000000,0.4752
1749266642,0.44500000,10022.00000000,0.4752
1749266642,0.44490000,60.00000000,0.4752
1749266642,0.44450000,65.00000000,0.4752
1749266642,0.44440000,1170.00000000,0.4752
1749266642,0.44400000,45.00000000,0.4752
1749266642,0.44340000,86.00000000,0.4752
1749266642,0.44310000,12.00000000,0.4752
1749266642,0.44300000,67.00000000,0.4752
1749266943,0.47480000,58.00000000,0.4756
1749266943,0.47470000,776.00000000,0.4756
1749266943,0.47460000,701.00000000,0.4756
1749266943,0.47450000,1536.00000000,0.4756
1749266943,0.47440000,4733.00000000,0.4756
1749266943,0.47430000,2215.00000000,0.4756
1749266943,0.47420000,162.00000000,0.4756
1749266943,0.47410000,1532.00000000,0.4756
1749266943,0.47400000,3912.00000000,0.4756
1749266943,0.47380000,530.00000000,0.4756
1749266943,0.47370000,1225.00000000,0.4756
1749266943,0.47350000,394.00000000,0.4756
1749266943,0.47340000,2821.00000000,0.4756
1749266943,0.47330000,1330.00000000,0.4756
1749266943,0.47320000,506.00000000,0.4756
1749266943,0.47310000,219.00000000,0.4756
1749266943,0.47300000,392.00000000,0.4756
1749266943,0.47290000,2000.00000000,0.4756
1749266943,0.47280000,219.00000000,0.4756
1749266943,0.47270000,500.00000000,0.4756
1749266943,0.47250000,1107.00000000,0.4756
1749266943,0.47240000,4768.00000000,0.4756
1749266943,0.47230000,758.00000000,0.4756
1749266943,0.47220000,220.00000000,0.4756
1749266943,0.47210000,1324.00000000,0.4756
1749266943,0.47200000,220.00000000,0.4756
1749266943,0.47180000,220.00000000,0.4756
1749266943,0.47170000,65.00000000,0.4756
1749266943,0.47150000,1983.00000000,0.4756
1749266943,0.47140000,2178.00000000,0.4756
1749266943,0.47130000,1304.00000000,0.4756
1749266943,0.47120000,219.00000000,0.4756
1749266943,0.47110000,1809.00000000,0.4756
1749266943,0.47100000,687.00000000,0.4756
1749266943,0.47080000,1762.00000000,0.4756
1749266943,0.47060000,34659.00000000,0.4756
1749266943,0.47050000,1833.00000000,0.4756
1749266943,0.47040000,1073.00000000,0.4756
1749266943,0.47030000,1679.00000000,0.4756
1749266943,0.47000000,33.00000000,0.4756
1749266943,0.46960000,52.00000000,0.4756
1749266943,0.46950000,2015.00000000,0.4756
1749266943,0.46910000,2490.00000000,0.4756
1749266943,0.46890000,480.00000000,0.4756
1749266943,0.46860000,274.00000000,0.4756
1749266943,0.46840000,1466.00000000,0.4756
1749266943,0.46820000,91160.00000000,0.4756
1749266943,0.46730000,2136.00000000,0.4756
1749266943,0.46720000,83.00000000,0.4756
1749266943,0.46710000,1318.00000000,0.4756
1749266943,0.46660000,65.00000000,0.4756
1749266943,0.46580000,94841.00000000,0.4756
1749266943,0.46560000,2419.00000000,0.4756
1749266943,0.46500000,12.00000000,0.4756
1749266943,0.46410000,65.00000000,0.4756
1749266943,0.46370000,85.00000000,0.4756
1749266943,0.46310000,18.00000000,0.4756
1749266943,0.46160000,65.00000000,0.4756
1749266943,0.46060000,83.00000000,0.4756
1749266943,0.46000000,32.00000000,0.4756
1749266943,0.45910000,65.00000000,0.4756
1749266943,0.45880000,12.00000000,0.4756
1749266943,0.45750000,39.00000000,0.4756
1749266943,0.45730000,36.00000000,0.4756
1749266943,0.45680000,18.00000000,0.4756
1749266943,0.45670000,65.00000000,0.4756
1749266943,0.45500000,23.00000000,0.4756
1749266943,0.45420000,65.00000000,0.4756
1749266943,0.45400000,83.00000000,0.4756
1749266943,0.45180000,65.00000000,0.4756
1749266943,0.45020000,22.00000000,0.4756
1749266943,0.45000000,25109.00000000,0.4756
1749266943,0.44970000,99.00000000,0.4756
1749266943,0.44960000,100.00000000,0.4756
1749266943,0.44930000,65.00000000,0.4756
1749266943,0.44850000,12.00000000,0.4756
1749266943,0.44840000,84.00000000,0.4756
1749266943,0.44800000,12.00000000,0.4756
1749266943,0.44760000,83.00000000,0.4756
1749266943,0.44690000,288.00000000,0.4756
1749266943,0.44660000,38.00000000,0.4756
1749266943,0.44630000,66.00000000,0.4756
1749266943,0.44610000,19.00000000,0.4756
1749266943,0.44600000,142.00000000,0.4756
1749266943,0.44590000,85.00000000,0.4756
1749266943,0.44570000,2243.00000000,0.4756
1749266943,0.44500000,10022.00000000,0.4756
1749266943,0.44490000,60.00000000,0.4756
1749266943,0.44450000,65.00000000,0.4756
1749266943,0.44440000,1170.00000000,0.4756
1749266943,0.44400000,45.00000000,0.4756
1749266943,0.44340000,86.00000000,0.4756
1749266943,0.44310000,12.00000000,0.4756
1749266943,0.44300000,67.00000000,0.4756
1749266943,0.44260000,21.00000000,0.4756
1749266943,0.44250000,18.00000000,0.4756
1749266943,0.44210000,65.00000000,0.4756
1749266943,0.44150000,27.00000000,0.4756
1749266943,0.44120000,126.00000000,0.4756
1749266943,0.44100000,12.00000000,0.4756
1749267244,0.47460000,347.00000000,0.4747
1749267244,0.47440000,64.00000000,0.4747
1749267244,0.47430000,711.00000000,0.4747
1749267244,0.47420000,411.00000000,0.4747
1749267244,0.47410000,285.00000000,0.4747
1749267244,0.47400000,720.00000000,0.4747
1749267244,0.47390000,182.00000000,0.4747
1749267244,0.47380000,130.00000000,0.4747
1749267244,0.47370000,401.00000000,0.4747
1749267244,0.47360000,182.00000000,0.4747
1749267244,0.47350000,1478.00000000,0.4747
1749267244,0.47340000,1831.00000000,0.4747
1749267244,0.47330000,279.00000000,0.4747
1749267244,0.47310000,1166.00000000,0.4747
1749267244,0.47300000,392.00000000,0.4747
1749267244,0.47290000,1027.00000000,0.4747
1749267244,0.47280000,743.00000000,0.4747
1749267244,0.47270000,507.00000000,0.4747
1749267244,0.47250000,938.00000000,0.4747
1749267244,0.47240000,220.00000000,0.4747
1749267244,0.47230000,5307.00000000,0.4747
1749267244,0.47220000,220.00000000,0.4747
1749267244,0.47210000,501.00000000,0.4747
1749267244,0.47200000,220.00000000,0.4747
1749267244,0.47190000,501.00000000,0.4747
1749267244,0.47180000,220.00000000,0.4747
1749267244,0.47170000,65.00000000,0.4747
1749267244,0.47150000,1582.00000000,0.4747
1749267244,0.47140000,2178.00000000,0.4747
1749267244,0.47120000,219.00000000,0.4747
1749267244,0.47110000,1809.00000000,0.4747
1749267244,0.47090000,219.00000000,0.4747
1749267244,0.47080000,686.00000000,0.4747
1749267244,0.47070000,219.00000000,0.4747
1749267244,0.47060000,1750.00000000,0.4747
1749267244,0.47050000,2330.00000000,0.4747
1749267244,0.47040000,34943.00000000,0.4747
1749267244,0.47030000,3446.00000000,0.4747
1749267244,0.47000000,33.00000000,0.4747
1749267244,0.46960000,1819.00000000,0.4747
1749267244,0.46950000,2015.00000000,0.4747
1749267244,0.46930000,1838.00000000,0.4747
1749267244,0.46910000,2490.00000000,0.4747
1749267244,0.46860000,274.00000000,0.4747
1749267244,0.46840000,1107.00000000,0.4747
1749267244,0.46810000,429.00000000,0.4747
1749267244,0.46800000,90990.00000000,0.4747
1749267244,0.46790000,458.00000000,0.4747
1749267244,0.46730000,2136.00000000,0.4747
1749267244,0.46720000,83.00000000,0.4747
1749267244,0.46710000,1318.00000000,0.4747
1749267244,0.46660000,65.00000000,0.4747
1749267244,0.46580000,460.00000000,0.4747
1749267244,0.46560000,2419.00000000,0.4747
1749267244,0.46540000,90439.00000000,0.4747
1749267244,0.46500000,12.00000000,0.4747
1749267244,0.46410000,65.00000000,0.4747
1749267244,0.46370000,85.00000000,0.4747
1749267244,0.46310000,18.00000000,0.4747
1749267244,0.46160000,65.00000000,0.4747
1749267244,0.46060000,83.00000000,0.4747
1749267244,0.46000000,32.00000000,0.4747
1749267244,0.45910000,65.00000000,0.4747
1749267244,0.45880000,12.00000000,0.4747
1749267244,0.45750000,39.00000000,0.4747
1749267244,0.45730000,36.00000000,0.4747
1749267244,0.45680000,18.00000000,0.4747
1749267244,0.45670000,65.00000000,0.4747
1749267244,0.45500000,23.00000000,0.4747
1749267244,0.45420000,65.00000000,0.4747
1749267244,0.45400000,83.00000000,0.4747
1749267244,0.45180000,65.00000000,0.4747
1749267244,0.45020000,22.00000000,0.4747
1749267244,0.45000000,25109.00000000,0.4747
1749267244,0.44970000,99.00000000,0.4747
1749267244,0.44960000,100.00000000,0.4747
1749267244,0.44930000,65.00000000,0.4747
1749267244,0.44850000,12.00000000,0.4747
1749267244,0.44840000,84.00000000,0.4747
1749267244,0.44800000,12.00000000,0.4747
1749267244,0.44760000,83.00000000,0.4747
1749267244,0.44690000,288.00000000,0.4747
1749267244,0.44660000,38.00000000,0.4747
1749267244,0.44630000,66.00000000,0.4747
1749267244,0.44610000,19.00000000,0.4747
1749267244,0.44600000,142.00000000,0.4747
1749267244,0.44590000,85.00000000,0.4747
1749267244,0.44570000,2243.00000000,0.4747
1749267244,0.44500000,10022.00000000,0.4747
1749267244,0.44490000,60.00000000,0.4747
1749267244,0.44450000,65.00000000,0.4747
1749267244,0.44440000,1170.00000000,0.4747
1749267244,0.44400000,45.00000000,0.4747
1749267244,0.44340000,86.00000000,0.4747
1749267244,0.44310000,12.00000000,0.4747
1749267244,0.44300000,67.00000000,0.4747
1749267244,0.44260000,21.00000000,0.4747
1749267244,0.44250000,18.00000000,0.4747
1749267244,0.44210000,65.00000000,0.4747
1749267244,0.44150000,27.00000000,0.4747
1749267546,0.47520000,353.00000000,0.4747
1749267546,0.47510000,68.00000000,0.4747
1749267546,0.47500000,344.00000000,0.4747
1749267546,0.47490000,1568.00000000,0.4747
1749267546,0.47480000,4361.00000000,0.4747
1749267546,0.47470000,218.00000000,0.4747
1749267546,0.47460000,281.00000000,0.4747
1749267546,0.47450000,130.00000000,0.4747
1749267546,0.47440000,283.00000000,0.4747
1749267546,0.47430000,134.00000000,0.4747
1749267546,0.47420000,609.00000000,0.4747
1749267546,0.47410000,285.00000000,0.4747
1749267546,0.47400000,336.00000000,0.4747
1749267546,0.47390000,401.00000000,0.4747
1749267546,0.47370000,992.00000000,0.4747
1749267546,0.47350000,394.00000000,0.4747
1749267546,0.47340000,2777.00000000,0.4747
1749267546,0.47330000,1246.00000000,0.4747
1749267546,0.47310000,219.00000000,0.4747
1749267546,0.47300000,391.00000000,0.4747
1749267546,0.47290000,84.00000000,0.4747
1749267546,0.47280000,219.00000000,0.4747
1749267546,0.47270000,1007.00000000,0.4747
1749267546,0.47260000,4546.00000000,0.4747
1749267546,0.47250000,683.00000000,0.4747
1749267546,0.47240000,220.00000000,0.4747
1749267546,0.47230000,758.00000000,0.4747
1749267546,0.47220000,1581.00000000,0.4747
1749267546,0.47210000,501.00000000,0.4747
1749267546,0.47200000,220.00000000,0.4747
1749267546,0.47180000,220.00000000,0.4747
1749267546,0.47170000,65.00000000,0.4747
1749267546,0.47150000,220.00000000,0.4747
1749267546,0.47140000,2867.00000000,0.4747
1749267546,0.47120000,1308.00000000,0.4747
1749267546,0.47110000,3809.00000000,0.4747
1749267546,0.47100000,32518.00000000,0.4747
1749267546,0.47060000,1531.00000000,0.4747
1749267546,0.47050000,30.00000000,0.4747
1749267546,0.47040000,1073.00000000,0.4747
1749267546,0.47030000,3446.00000000,0.4747
1749267546,0.47000000,33.00000000,0.4747
1749267546,0.46970000,1836.00000000,0.4747
1749267546,0.46960000,1819.00000000,0.4747
1749267546,0.46950000,2015.00000000,0.4747
1749267546,0.46910000,2490.00000000,0.4747
1749267546,0.46860000,92893.00000000,0.4747
1749267546,0.46850000,405.00000000,0.4747
1749267546,0.46840000,1107.00000000,0.4747
1749267546,0.46790000,458.00000000,0.4747
1749267546,0.46730000,2136.00000000,0.4747
1749267546,0.46720000,83.00000000,0.4747
1749267546,0.46710000,1318.00000000,0.4747
1749267546,0.46680000,459.00000000,0.4747
1749267546,0.46660000,65.00000000,0.4747
1749267546,0.46630000,93634.00000000,0.4747
1749267546,0.46610000,340.00000000,0.4747
1749267546,0.46560000,2419.00000000,0.4747
1749267546,0.46500000,12.00000000,0.4747
1749267546,0.46410000,65.00000000,0.4747
1749267546,0.46370000,85.00000000,0.4747
1749267546,0.46310000,18.00000000,0.4747
1749267546,0.46160000,65.00000000,0.4747
1749267546,0.46060000,83.00000000,0.4747
1749267546,0.46000000,32.00000000,0.4747
1749267546,0.45910000,65.00000000,0.4747
1749267546,0.45880000,12.00000000,0.4747
1749267546,0.45750000,39.00000000,0.4747
1749267546,0.45730000,36.00000000,0.4747
1749267546,0.45680000,18.00000000,0.4747
1749267546,0.45670000,65.00000000,0.4747
1749267546,0.45500000,23.00000000,0.4747
1749267546,0.45420000,65.00000000,0.4747
1749267546,0.45400000,83.00000000,0.4747
1749267546,0.45180000,65.00000000,0.4747
1749267546,0.45020000,22.00000000,0.4747
1749267546,0.45000000,25109.00000000,0.4747
1749267546,0.44970000,99.00000000,0.4747
1749267546,0.44960000,100.00000000,0.4747
1749267546,0.44930000,65.00000000,0.4747
1749267546,0.44850000,12.00000000,0.4747
1749267546,0.44840000,84.00000000,0.4747
1749267546,0.44800000,12.00000000,0.4747
1749267546,0.44760000,83.00000000,0.4747
1749267546,0.44690000,288.00000000,0.4747
1749267546,0.44660000,38.00000000,0.4747
1749267546,0.44630000,66.00000000,0.4747
1749267546,0.44610000,19.00000000,0.4747
1749267546,0.44600000,142.00000000,0.4747
1749267546,0.44590000,85.00000000,0.4747
1749267546,0.44570000,2243.00000000,0.4747
1749267546,0.44500000,10022.00000000,0.4747
1749267546,0.44490000,60.00000000,0.4747
1749267546,0.44450000,65.00000000,0.4747
1749267546,0.44440000,1170.00000000,0.4747
1749267546,0.44400000,45.00000000,0.4747
1749267546,0.44340000,86.00000000,0.4747
1749267546,0.44310000,12.00000000,0.4747
1749267546,0.44300000,67.00000000,0.4747
1749267546,0.44260000,21.00000000,0.4747
1749267848,0.47570000,639.00000000,0.4755
1749267848,0.47560000,456.00000000,0.4755
1749267848,0.47550000,440.00000000,0.4755
1749267848,0.47540000,296.00000000,0.4755
1749267848,0.47530000,317.00000000,0.4755
1749267848,0.47520000,636.00000000,0.4755
1749267848,0.47510000,148.00000000,0.4755
1749267848,0.47500000,692.00000000,0.4755
1749267848,0.47490000,1268.00000000,0.4755
1749267848,0.47480000,4422.00000000,0.4755
1749267848,0.47470000,218.00000000,0.4755
1749267848,0.47460000,281.00000000,0.4755
1749267848,0.47450000,175.00000000,0.4755
1749267848,0.47440000,283.00000000,0.4755
1749267848,0.47430000,134.00000000,0.4755
1749267848,0.47410000,279.00000000,0.4755
1749267848,0.47400000,702.00000000,0.4755
1749267848,0.47390000,219.00000000,0.4755
1749267848,0.47370000,2697.00000000,0.4755
1749267848,0.47360000,2000.00000000,0.4755
1749267848,0.47350000,2051.00000000,0.4755
1749267848,0.47340000,463.00000000,0.4755
1749267848,0.47330000,303.00000000,0.4755
1749267848,0.47310000,975.00000000,0.4755
1749267848,0.47300000,4762.00000000,0.4755
1749267848,0.47290000,500.00000000,0.4755
1749267848,0.47280000,1553.00000000,0.4755
1749267848,0.47270000,500.00000000,0.4755
1749267848,0.47250000,220.00000000,0.4755
1749267848,0.47240000,220.00000000,0.4755
1749267848,0.47220000,220.00000000,0.4755
1749267848,0.47200000,220.00000000,0.4755
