timestamp,price,volume,current_price
1749254692,0.46950000,390.00000000,0.4695
1749254692,0.46940000,1294.00000000,0.4695
1749254692,0.46930000,3829.00000000,0.4695
1749254692,0.46920000,921.00000000,0.4695
1749254692,0.46910000,3335.00000000,0.4695
1749254692,0.46900000,221.00000000,0.4695
1749254692,0.46890000,729.00000000,0.4695
1749254692,0.46880000,1878.00000000,0.4695
1749254692,0.46870000,1782.00000000,0.4695
1749254692,0.46860000,4711.00000000,0.4695
1749254692,0.46850000,220.00000000,0.4695
1749254692,0.46840000,221.00000000,0.4695
1749254692,0.46830000,225.00000000,0.4695
1749254692,0.46820000,280.00000000,0.4695
1749254692,0.46810000,1467.00000000,0.4695
1749254692,0.46800000,273.00000000,0.4695
1749254692,0.46790000,467.00000000,0.4695
1749254692,0.46780000,221.00000000,0.4695
1749254692,0.46770000,584.00000000,0.4695
1749254692,0.46760000,760.00000000,0.4695
1749254692,0.46750000,220.00000000,0.4695
1749254692,0.46740000,274.00000000,0.4695
1749254692,0.46730000,4598.00000000,0.4695
1749254692,0.46720000,3719.00000000,0.4695
1749254692,0.46710000,558.00000000,0.4695
1749254692,0.46700000,221.00000000,0.4695
1749254692,0.46690000,2000.00000000,0.4695
1749254692,0.46680000,53.00000000,0.4695
1749254692,0.46670000,2198.00000000,0.4695
1749254692,0.46660000,1426.00000000,0.4695
1749254692,0.46650000,358.00000000,0.4695
1749254692,0.46640000,221.00000000,0.4695
1749254692,0.46620000,53.00000000,0.4695
1749254692,0.46610000,221.00000000,0.4695
1749254692,0.46580000,666.00000000,0.4695
1749254692,0.46550000,1083.00000000,0.4695
1749254692,0.46540000,34202.00000000,0.4695
1749254692,0.46520000,1639.00000000,0.4695
1749254692,0.46510000,1549.00000000,0.4695
1749254692,0.46500000,12.00000000,0.4695
1749254692,0.46430000,1558.00000000,0.4695
1749254692,0.46410000,65.00000000,0.4695
1749254692,0.46370000,85.00000000,0.4695
1749254692,0.46340000,1118.00000000,0.4695
1749254692,0.46330000,2440.00000000,0.4695
1749254692,0.46310000,18.00000000,0.4695
1749254692,0.46300000,94573.00000000,0.4695
1749254692,0.46270000,2157.00000000,0.4695
1749254692,0.46160000,65.00000000,0.4695
1749254692,0.46130000,278.00000000,0.4695
1749254692,0.46110000,464.00000000,0.4695
1749254692,0.46060000,94381.00000000,0.4695
1749254692,0.46000000,32.00000000,0.4695
1749254692,0.45910000,65.00000000,0.4695
1749254692,0.45880000,12.00000000,0.4695
1749254692,0.45770000,468.00000000,0.4695
1749254692,0.45750000,39.00000000,0.4695
1749254692,0.45730000,36.00000000,0.4695
1749254692,0.45680000,18.00000000,0.4695
1749254692,0.45670000,65.00000000,0.4695
1749254692,0.45500000,23.00000000,0.4695
1749254692,0.45420000,65.00000000,0.4695
1749254692,0.45400000,83.00000000,0.4695
1749254692,0.45180000,65.00000000,0.4695
1749254692,0.45020000,22.00000000,0.4695
1749254692,0.45000000,25109.00000000,0.4695
1749254692,0.44970000,99.00000000,0.4695
1749254692,0.44960000,100.00000000,0.4695
1749254692,0.44930000,65.00000000,0.4695
1749254692,0.44850000,12.00000000,0.4695
1749254692,0.44840000,84.00000000,0.4695
1749254692,0.44800000,12.00000000,0.4695
1749254692,0.44760000,83.00000000,0.4695
1749254692,0.44690000,288.00000000,0.4695
1749254692,0.44660000,38.00000000,0.4695
1749254692,0.44630000,66.00000000,0.4695
1749254692,0.44610000,19.00000000,0.4695
1749254692,0.44600000,142.00000000,0.4695
1749254692,0.44590000,85.00000000,0.4695
1749254692,0.44570000,2243.00000000,0.4695
1749254692,0.44500000,10022.00000000,0.4695
1749254692,0.44490000,60.00000000,0.4695
1749254692,0.44450000,65.00000000,0.4695
1749254692,0.44440000,1125.00000000,0.4695
1749254692,0.44400000,45.00000000,0.4695
1749254692,0.44340000,86.00000000,0.4695
1749254692,0.44310000,12.00000000,0.4695
1749254692,0.44300000,67.00000000,0.4695
1749254692,0.44260000,21.00000000,0.4695
1749254692,0.44250000,18.00000000,0.4695
1749254692,0.44210000,65.00000000,0.4695
1749254692,0.44150000,27.00000000,0.4695
1749254692,0.44120000,126.00000000,0.4695
1749254692,0.44100000,12.00000000,0.4695
1749254692,0.44090000,87.00000000,0.4695
1749254692,0.44010000,227.00000000,0.4695
1749254692,0.44000000,10453.00000000,0.4695
1749254692,0.43980000,65.00000000,0.4695
1749254692,0.43970000,68.00000000,0.4695
1749254692,0.43920000,12.00000000,0.4695
1749255017,0.47020000,168.00000000,0.4703
1749255017,0.47000000,467.00000000,0.4703
1749255017,0.46990000,472.00000000,0.4703
1749255017,0.46980000,136.00000000,0.4703
1749255017,0.46970000,526.00000000,0.4703
1749255017,0.46960000,1464.00000000,0.4703
1749255017,0.46950000,4375.00000000,0.4703
1749255017,0.46940000,3652.00000000,0.4703
1749255017,0.46930000,393.00000000,0.4703
1749255017,0.46920000,446.00000000,0.4703
1749255017,0.46910000,2195.00000000,0.4703
1749255017,0.46900000,2014.00000000,0.4703
1749255017,0.46890000,225.00000000,0.4703
1749255017,0.46880000,1126.00000000,0.4703
1749255017,0.46870000,748.00000000,0.4703
1749255017,0.46860000,4004.00000000,0.4703
1749255017,0.46850000,220.00000000,0.4703
1749255017,0.46840000,221.00000000,0.4703
1749255017,0.46830000,53.00000000,0.4703
1749255017,0.46820000,730.00000000,0.4703
1749255017,0.46800000,4864.00000000,0.4703
1749255017,0.46790000,504.00000000,0.4703
1749255017,0.46780000,726.00000000,0.4703
1749255017,0.46770000,53.00000000,0.4703
1749255017,0.46760000,3227.00000000,0.4703
1749255017,0.46750000,220.00000000,0.4703
1749255017,0.46740000,274.00000000,0.4703
1749255017,0.46730000,1348.00000000,0.4703
1749255017,0.46720000,2168.00000000,0.4703
1749255017,0.46710000,53.00000000,0.4703
1749255017,0.46700000,221.00000000,0.4703
1749255017,0.46680000,53.00000000,0.4703
1749255017,0.46670000,2198.00000000,0.4703
1749255017,0.46660000,65.00000000,0.4703
1749255017,0.46630000,669.00000000,0.4703
1749255017,0.46620000,11.00000000,0.4703
1749255017,0.46610000,280.00000000,0.4703
1749255017,0.46600000,34622.00000000,0.4703
1749255017,0.46520000,53.00000000,0.4703
1749255017,0.46500000,12.00000000,0.4703
1749255017,0.46450000,2438.00000000,0.4703
1749255017,0.46410000,65.00000000,0.4703
1749255017,0.46380000,85.00000000,0.4703
1749255017,0.46370000,85.00000000,0.4703
1749255017,0.46360000,94589.00000000,0.4703
1749255017,0.46310000,18.00000000,0.4703
1749255017,0.46300000,1329.00000000,0.4703
1749255017,0.46240000,2158.00000000,0.4703
1749255017,0.46230000,278.00000000,0.4703
1749255017,0.46210000,464.00000000,0.4703
1749255017,0.46160000,65.00000000,0.4703
1749255017,0.46110000,91269.00000000,0.4703
1749255017,0.46060000,2492.00000000,0.4703
1749255017,0.46000000,32.00000000,0.4703
1749255017,0.45910000,65.00000000,0.4703
1749255017,0.45880000,12.00000000,0.4703
1749255017,0.45830000,468.00000000,0.4703
1749255017,0.45750000,39.00000000,0.4703
1749255017,0.45730000,36.00000000,0.4703
1749255017,0.45680000,18.00000000,0.4703
1749255017,0.45670000,65.00000000,0.4703
1749255017,0.45500000,23.00000000,0.4703
1749255017,0.45420000,65.00000000,0.4703
1749255017,0.45400000,83.00000000,0.4703
1749255017,0.45180000,65.00000000,0.4703
1749255017,0.45020000,22.00000000,0.4703
1749255017,0.45000000,25109.00000000,0.4703
1749255017,0.44970000,99.00000000,0.4703
1749255017,0.44960000,100.00000000,0.4703
1749255017,0.44930000,65.00000000,0.4703
1749255017,0.44850000,12.00000000,0.4703
1749255017,0.44840000,84.00000000,0.4703
1749255017,0.44800000,12.00000000,0.4703
1749255017,0.44760000,83.00000000,0.4703
1749255017,0.44690000,288.00000000,0.4703
1749255017,0.44660000,38.00000000,0.4703
1749255017,0.44630000,66.00000000,0.4703
1749255017,0.44610000,19.00000000,0.4703
1749255017,0.44600000,142.00000000,0.4703
1749255017,0.44590000,85.00000000,0.4703
1749255017,0.44570000,2243.00000000,0.4703
1749255017,0.44500000,10022.00000000,0.4703
1749255017,0.44490000,60.00000000,0.4703
1749255017,0.44450000,65.00000000,0.4703
1749255017,0.44440000,1125.00000000,0.4703
1749255017,0.44400000,45.00000000,0.4703
1749255017,0.44340000,86.00000000,0.4703
1749255017,0.44310000,12.00000000,0.4703
1749255017,0.44300000,67.00000000,0.4703
1749255017,0.44260000,21.00000000,0.4703
1749255017,0.44250000,18.00000000,0.4703
1749255017,0.44210000,65.00000000,0.4703
1749255017,0.44150000,27.00000000,0.4703
1749255017,0.44120000,126.00000000,0.4703
1749255017,0.44100000,12.00000000,0.4703
1749255017,0.44090000,87.00000000,0.4703
1749255017,0.44010000,227.00000000,0.4703
1749255017,0.44000000,10453.00000000,0.4703
1749255017,0.43980000,65.00000000,0.4703
1749255017,0.43970000,68.00000000,0.4703
