timestamp,price,volume,current_price
1749260841,0.63800000,1944.10000000,0.639
1749260841,0.63700000,25337.50000000,0.639
1749260841,0.63600000,31609.10000000,0.639
1749260841,0.63500000,10404.10000000,0.639
1749260841,0.63400000,6937.90000000,0.639
1749260841,0.63300000,9550.70000000,0.639
1749260841,0.63200000,2807.20000000,0.639
1749260841,0.63100000,1863.50000000,0.639
1749260841,0.63000000,1363.20000000,0.639
1749260841,0.62900000,2052.10000000,0.639
1749260841,0.62800000,2086.70000000,0.639
1749260841,0.62700000,864.10000000,0.639
1749260841,0.62600000,1158.10000000,0.639
1749260841,0.62500000,867.20000000,0.639
1749260841,0.62400000,436.30000000,0.639
1749260841,0.62300000,1558.80000000,0.639
1749260841,0.62200000,1518.20000000,0.639
1749260841,0.62100000,905.00000000,0.639
1749260841,0.62000000,1291.00000000,0.639
1749260841,0.61900000,416.50000000,0.639
1749260841,0.61800000,417.40000000,0.639
1749260841,0.61700000,504.40000000,0.639
1749260841,0.61600000,72.20000000,0.639
1749260841,0.61500000,1305.40000000,0.639
1749260841,0.61400000,492.80000000,0.639
1749260841,0.61300000,396.30000000,0.639
1749260841,0.61200000,399.00000000,0.639
1749260841,0.61100000,16796.60000000,0.639
1749260841,0.61000000,2648.40000000,0.639
1749260841,0.60900000,72.50000000,0.639
1749260841,0.60800000,27.80000000,0.639
1749260841,0.60700000,36.10000000,0.639
1749260841,0.60600000,15.80000000,0.639
1749260841,0.60500000,50.60000000,0.639
1749260841,0.60400000,15.80000000,0.639
1749260841,0.60300000,15.80000000,0.639
1749260841,0.60200000,46.70000000,0.639
1749260841,0.60100000,232.40000000,0.639
1749260841,0.60000000,5908.10000000,0.639
1749260841,0.59900000,32.30000000,0.639
1749260841,0.59800000,32.60000000,0.639
1749260841,0.59700000,45.20000000,0.639
1749260841,0.59600000,32.00000000,0.639
1749260841,0.59500000,24.30000000,0.639
1749260841,0.59400000,86.00000000,0.639
1749260841,0.59300000,89.10000000,0.639
1749260841,0.59200000,74.00000000,0.639
1749260841,0.59100000,15.80000000,0.639
1749260841,0.59000000,1376.00000000,0.639
1749260841,0.58900000,15.80000000,0.639
1749260841,0.58800000,1112.20000000,0.639
1749260841,0.58700000,46.30000000,0.639
1749260841,0.58600000,15.80000000,0.639
1749260841,0.58500000,579.30000000,0.639
1749260841,0.58400000,15.80000000,0.639
1749260841,0.58300000,58.60000000,0.639
1749260841,0.58200000,32.90000000,0.639
1749260841,0.58100000,98.00000000,0.639
1749260841,0.58000000,514.20000000,0.639
1749260841,0.57900000,26.10000000,0.639
1749260841,0.57800000,39.60000000,0.639
1749260841,0.57700000,310.00000000,0.639
1749260841,0.57600000,37.00000000,0.639
1749260841,0.57500000,34.10000000,0.639
1749260841,0.57400000,27.10000000,0.639
1749260841,0.57300000,64.30000000,0.639
1749260841,0.57000000,38.10000000,0.639
1749260841,0.56800000,8.90000000,0.639
1749260841,0.56700000,122.80000000,0.639
1749260841,0.56500000,509.00000000,0.639
1749260841,0.56400000,32.00000000,0.639
1749260841,0.56100000,262.60000000,0.639
1749260841,0.56000000,4433.40000000,0.639
1749260841,0.55900000,14.30000000,0.639
1749260841,0.55700000,13.60000000,0.639
1749260841,0.55600000,69.30000000,0.639
1749260841,0.55500000,32.50000000,0.639
1749260841,0.55400000,19.60000000,0.639
1749260841,0.55300000,104.00000000,0.639
1749260841,0.55200000,1288.60000000,0.639
1749260841,0.55100000,200.00000000,0.639
1749260841,0.55000000,2395.50000000,0.639
1749260841,0.54900000,36.40000000,0.639
1749260841,0.54800000,206.10000000,0.639
1749260841,0.54700000,193.60000000,0.639
1749260841,0.54500000,20.00000000,0.639
1749260841,0.54300000,211.20000000,0.639
1749260841,0.54200000,9.30000000,0.639
1749260841,0.54100000,10.90000000,0.639
1749260841,0.54000000,149.30000000,0.639
1749260841,0.53900000,15.30000000,0.639
1749260841,0.53700000,40.50000000,0.639
1749260841,0.53500000,9.50000000,0.639
1749260841,0.53400000,32.50000000,0.639
1749260841,0.53300000,15.00000000,0.639
1749260841,0.53200000,189.10000000,0.639
1749260841,0.53100000,1894.20000000,0.639
1749260841,0.53000000,34.60000000,0.639
1749260841,0.52900000,25.00000000,0.639
1749260841,0.52800000,51.90000000,0.639
1749261167,0.63800000,3713.10000000,0.638
1749261167,0.63700000,28278.10000000,0.638
1749261167,0.63600000,31736.00000000,0.638
1749261167,0.63500000,18436.80000000,0.638
1749261167,0.63400000,14426.50000000,0.638
1749261167,0.63300000,2169.60000000,0.638
1749261167,0.63200000,2088.00000000,0.638
1749261167,0.63100000,1863.50000000,0.638
1749261167,0.63000000,2288.90000000,0.638
1749261167,0.62900000,1125.20000000,0.638
1749261167,0.62800000,2086.70000000,0.638
1749261167,0.62700000,864.10000000,0.638
1749261167,0.62600000,1158.10000000,0.638
1749261167,0.62500000,867.20000000,0.638
1749261167,0.62400000,436.30000000,0.638
1749261167,0.62300000,1558.80000000,0.638
1749261167,0.62200000,1518.20000000,0.638
1749261167,0.62100000,905.00000000,0.638
1749261167,0.62000000,1291.00000000,0.638
1749261167,0.61900000,406.70000000,0.638
1749261167,0.61800000,417.40000000,0.638
1749261167,0.61700000,504.40000000,0.638
1749261167,0.61600000,72.20000000,0.638
1749261167,0.61500000,1305.40000000,0.638
1749261167,0.61400000,492.80000000,0.638
1749261167,0.61300000,396.30000000,0.638
1749261167,0.61200000,477.30000000,0.638
1749261167,0.61100000,16796.60000000,0.638
1749261167,0.61000000,2296.20000000,0.638
1749261167,0.60900000,72.50000000,0.638
1749261167,0.60800000,27.80000000,0.638
1749261167,0.60700000,36.10000000,0.638
1749261167,0.60600000,15.80000000,0.638
1749261167,0.60500000,50.60000000,0.638
1749261167,0.60400000,15.80000000,0.638
1749261167,0.60300000,15.80000000,0.638
1749261167,0.60200000,46.70000000,0.638
1749261167,0.60100000,232.40000000,0.638
1749261167,0.60000000,5908.10000000,0.638
1749261167,0.59900000,32.30000000,0.638
1749261167,0.59800000,32.60000000,0.638
1749261167,0.59700000,45.20000000,0.638
1749261167,0.59600000,32.00000000,0.638
1749261167,0.59500000,24.30000000,0.638
1749261167,0.59400000,86.00000000,0.638
1749261167,0.59300000,89.10000000,0.638
1749261167,0.59200000,74.00000000,0.638
1749261167,0.59100000,15.80000000,0.638
1749261167,0.59000000,1376.00000000,0.638
1749261167,0.58900000,15.80000000,0.638
1749261167,0.58800000,1112.20000000,0.638
1749261167,0.58700000,46.30000000,0.638
1749261167,0.58600000,15.80000000,0.638
1749261167,0.58500000,579.30000000,0.638
1749261167,0.58400000,15.80000000,0.638
1749261167,0.58300000,58.60000000,0.638
1749261167,0.58200000,32.90000000,0.638
1749261167,0.58100000,98.00000000,0.638
1749261167,0.58000000,514.20000000,0.638
1749261167,0.57900000,26.10000000,0.638
1749261167,0.57800000,39.60000000,0.638
1749261167,0.57700000,310.00000000,0.638
1749261167,0.57600000,37.00000000,0.638
1749261167,0.57500000,34.10000000,0.638
1749261167,0.57400000,27.10000000,0.638
1749261167,0.57300000,64.30000000,0.638
1749261167,0.57000000,38.10000000,0.638
1749261167,0.56800000,8.90000000,0.638
1749261167,0.56700000,122.80000000,0.638
1749261167,0.56500000,509.00000000,0.638
1749261167,0.56400000,32.00000000,0.638
1749261167,0.56100000,262.60000000,0.638
1749261167,0.56000000,4433.40000000,0.638
1749261167,0.55900000,14.30000000,0.638
1749261167,0.55700000,13.60000000,0.638
1749261167,0.55600000,69.30000000,0.638
1749261167,0.55500000,32.50000000,0.638
1749261167,0.55400000,19.60000000,0.638
1749261167,0.55300000,104.00000000,0.638
1749261167,0.55200000,1288.60000000,0.638
1749261167,0.55100000,200.00000000,0.638
1749261167,0.55000000,2395.50000000,0.638
1749261167,0.54900000,36.40000000,0.638
1749261167,0.54800000,206.10000000,0.638
1749261167,0.54700000,193.60000000,0.638
1749261167,0.54500000,20.00000000,0.638
1749261167,0.54300000,211.20000000,0.638
1749261167,0.54200000,9.30000000,0.638
1749261167,0.54100000,10.90000000,0.638
1749261167,0.54000000,149.30000000,0.638
1749261167,0.53900000,15.30000000,0.638
1749261167,0.53700000,40.50000000,0.638
1749261167,0.53500000,9.50000000,0.638
1749261167,0.53400000,32.50000000,0.638
1749261167,0.53300000,15.00000000,0.638
1749261167,0.53200000,189.10000000,0.638
1749261167,0.53100000,1894.20000000,0.638
1749261167,0.53000000,34.60000000,0.638
1749261167,0.52900000,25.00000000,0.638
1749261167,0.52800000,51.90000000,0.638
1749261482,0.63800000,3889.60000000,0.639
1749261482,0.63700000,26506.30000000,0.639
1749261482,0.63600000,23851.70000000,0.639
1749261482,0.63500000,24078.00000000,0.639
1749261482,0.63400000,12533.10000000,0.639
1749261482,0.63300000,2049.30000000,0.639
1749261482,0.63200000,2805.70000000,0.639
1749261482,0.63100000,1863.50000000,0.639
1749261482,0.63000000,1567.40000000,0.639
1749261482,0.62900000,1125.20000000,0.639
1749261482,0.62800000,2810.50000000,0.639
1749261482,0.62700000,864.10000000,0.639
1749261482,0.62600000,1158.10000000,0.639
1749261482,0.62500000,867.20000000,0.639
1749261482,0.62400000,436.30000000,0.639
1749261482,0.62300000,1558.80000000,0.639
1749261482,0.62200000,1518.20000000,0.639
1749261482,0.62100000,905.00000000,0.639
1749261482,0.62000000,1291.00000000,0.639
1749261482,0.61900000,406.70000000,0.639
1749261482,0.61800000,417.40000000,0.639
1749261482,0.61700000,504.40000000,0.639
1749261482,0.61600000,72.20000000,0.639
1749261482,0.61500000,1305.40000000,0.639
1749261482,0.61400000,492.80000000,0.639
1749261482,0.61300000,396.30000000,0.639
1749261482,0.61200000,477.30000000,0.639
1749261482,0.61100000,16796.60000000,0.639
1749261482,0.61000000,2296.20000000,0.639
1749261482,0.60900000,72.50000000,0.639
1749261482,0.60800000,27.80000000,0.639
1749261482,0.60700000,36.10000000,0.639
1749261482,0.60600000,15.80000000,0.639
1749261482,0.60500000,50.60000000,0.639
1749261482,0.60400000,15.80000000,0.639
1749261482,0.60300000,15.80000000,0.639
1749261482,0.60200000,46.70000000,0.639
1749261482,0.60100000,232.40000000,0.639
1749261482,0.60000000,5908.10000000,0.639
1749261482,0.59900000,32.30000000,0.639
1749261482,0.59800000,32.60000000,0.639
1749261482,0.59700000,45.20000000,0.639
1749261482,0.59600000,32.00000000,0.639
1749261482,0.59500000,24.30000000,0.639
1749261482,0.59400000,86.00000000,0.639
1749261482,0.59300000,89.10000000,0.639
1749261482,0.59200000,74.00000000,0.639
1749261482,0.59100000,15.80000000,0.639
1749261482,0.59000000,1376.00000000,0.639
1749261482,0.58900000,15.80000000,0.639
1749261482,0.58800000,1112.20000000,0.639
1749261482,0.58700000,46.30000000,0.639
1749261482,0.58600000,15.80000000,0.639
1749261482,0.58500000,579.30000000,0.639
1749261482,0.58400000,15.80000000,0.639
1749261482,0.58300000,58.60000000,0.639
1749261482,0.58200000,32.90000000,0.639
1749261482,0.58100000,98.00000000,0.639
1749261482,0.58000000,514.20000000,0.639
1749261482,0.57900000,26.10000000,0.639
1749261482,0.57800000,39.60000000,0.639
1749261482,0.57700000,310.00000000,0.639
1749261482,0.57600000,37.00000000,0.639
1749261482,0.57500000,34.10000000,0.639
1749261482,0.57400000,27.10000000,0.639
1749261482,0.57300000,64.30000000,0.639
1749261482,0.57000000,38.10000000,0.639
1749261482,0.56800000,8.90000000,0.639
1749261482,0.56700000,122.80000000,0.639
1749261482,0.56500000,509.00000000,0.639
1749261482,0.56400000,32.00000000,0.639
1749261482,0.56100000,262.60000000,0.639
1749261482,0.56000000,4433.40000000,0.639
1749261482,0.55900000,14.30000000,0.639
1749261482,0.55700000,13.60000000,0.639
1749261482,0.55600000,69.30000000,0.639
1749261482,0.55500000,32.50000000,0.639
1749261482,0.55400000,19.60000000,0.639
1749261482,0.55300000,104.00000000,0.639
1749261482,0.55200000,1288.60000000,0.639
1749261482,0.55100000,200.00000000,0.639
1749261482,0.55000000,2395.50000000,0.639
1749261482,0.54900000,36.40000000,0.639
1749261482,0.54800000,206.10000000,0.639
1749261482,0.54700000,193.60000000,0.639
1749261482,0.54500000,20.00000000,0.639
1749261482,0.54300000,211.20000000,0.639
1749261482,0.54200000,9.30000000,0.639
1749261482,0.54100000,10.90000000,0.639
1749261482,0.54000000,149.30000000,0.639
1749261482,0.53900000,15.30000000,0.639
1749261482,0.53700000,40.50000000,0.639
1749261482,0.53500000,9.50000000,0.639
1749261482,0.53400000,32.50000000,0.639
1749261482,0.53300000,15.00000000,0.639
1749261482,0.53200000,189.10000000,0.639
1749261482,0.53100000,1894.20000000,0.639
1749261482,0.53000000,34.60000000,0.639
1749261482,0.52900000,25.00000000,0.639
1749261482,0.52800000,51.90000000,0.639
1749261793,0.63600000,2321.50000000,0.637
1749261793,0.63500000,30024.00000000,0.637
1749261793,0.63400000,29672.00000000,0.637
1749261793,0.63300000,18056.00000000,0.637
1749261793,0.63200000,11673.00000000,0.637
1749261793,0.63100000,1863.50000000,0.637
1749261793,0.63000000,1833.00000000,0.637
1749261793,0.62900000,1125.20000000,0.637
1749261793,0.62800000,3015.10000000,0.637
1749261793,0.62700000,864.10000000,0.637
1749261793,0.62600000,1158.10000000,0.637
1749261793,0.62500000,867.20000000,0.637
1749261793,0.62400000,427.00000000,0.637
1749261793,0.62300000,1558.80000000,0.637
1749261793,0.62200000,1518.20000000,0.637
1749261793,0.62100000,905.00000000,0.637
1749261793,0.62000000,1291.00000000,0.637
1749261793,0.61900000,2036.70000000,0.637
1749261793,0.61800000,417.40000000,0.637
1749261793,0.61700000,504.40000000,0.637
1749261793,0.61600000,72.20000000,0.637
1749261793,0.61500000,1305.40000000,0.637
1749261793,0.61400000,492.80000000,0.637
1749261793,0.61300000,396.30000000,0.637
1749261793,0.61200000,477.30000000,0.637
1749261793,0.61100000,16796.60000000,0.637
1749261793,0.61000000,2648.40000000,0.637
1749261793,0.60900000,72.50000000,0.637
1749261793,0.60800000,42.30000000,0.637
1749261793,0.60700000,36.10000000,0.637
1749261793,0.60600000,15.80000000,0.637
1749261793,0.60500000,50.60000000,0.637
1749261793,0.60400000,15.80000000,0.637
1749261793,0.60300000,15.80000000,0.637
1749261793,0.60200000,46.70000000,0.637
1749261793,0.60100000,232.40000000,0.637
1749261793,0.60000000,5908.10000000,0.637
1749261793,0.59900000,32.30000000,0.637
1749261793,0.59800000,32.60000000,0.637
1749261793,0.59700000,45.20000000,0.637
1749261793,0.59600000,32.00000000,0.637
1749261793,0.59500000,24.30000000,0.637
1749261793,0.59400000,86.00000000,0.637
1749261793,0.59300000,89.10000000,0.637
1749261793,0.59200000,74.00000000,0.637
1749261793,0.59100000,15.80000000,0.637
1749261793,0.59000000,1376.00000000,0.637
1749261793,0.58900000,15.80000000,0.637
1749261793,0.58800000,1112.20000000,0.637
1749261793,0.58700000,46.30000000,0.637
1749261793,0.58600000,15.80000000,0.637
1749261793,0.58500000,579.30000000,0.637
1749261793,0.58400000,15.80000000,0.637
1749261793,0.58300000,58.60000000,0.637
1749261793,0.58200000,32.90000000,0.637
1749261793,0.58100000,98.00000000,0.637
1749261793,0.58000000,514.20000000,0.637
1749261793,0.57900000,26.10000000,0.637
1749261793,0.57800000,39.60000000,0.637
1749261793,0.57700000,310.00000000,0.637
1749261793,0.57600000,37.00000000,0.637
1749261793,0.57500000,34.10000000,0.637
1749261793,0.57400000,27.10000000,0.637
1749261793,0.57300000,64.30000000,0.637
1749261793,0.57200000,15.70000000,0.637
1749261793,0.57100000,15.70000000,0.637
1749261793,0.57000000,38.10000000,0.637
1749261793,0.56800000,8.90000000,0.637
1749261793,0.56700000,122.80000000,0.637
1749261793,0.56500000,509.00000000,0.637
1749261793,0.56400000,32.00000000,0.637
1749261793,0.56100000,262.60000000,0.637
1749261793,0.56000000,4433.40000000,0.637
1749261793,0.55900000,14.30000000,0.637
1749261793,0.55700000,13.60000000,0.637
1749261793,0.55600000,69.30000000,0.637
1749261793,0.55500000,32.50000000,0.637
1749261793,0.55400000,19.60000000,0.637
1749261793,0.55300000,104.00000000,0.637
1749261793,0.55200000,1288.60000000,0.637
1749261793,0.55100000,200.00000000,0.637
1749261793,0.55000000,2395.50000000,0.637
1749261793,0.54900000,36.40000000,0.637
1749261793,0.54800000,206.10000000,0.637
1749261793,0.54700000,193.60000000,0.637
1749261793,0.54500000,20.00000000,0.637
1749261793,0.54300000,211.20000000,0.637
1749261793,0.54200000,9.30000000,0.637
1749261793,0.54100000,10.90000000,0.637
1749261793,0.54000000,149.30000000,0.637
1749261793,0.53900000,15.30000000,0.637
1749261793,0.53700000,40.50000000,0.637
1749261793,0.53500000,9.50000000,0.637
1749261793,0.53400000,32.50000000,0.637
1749261793,0.53300000,15.00000000,0.637
1749261793,0.53200000,189.10000000,0.637
1749261793,0.53100000,1894.20000000,0.637
1749261793,0.53000000,34.60000000,0.637
1749261793,0.52900000,25.00000000,0.637
1749261793,0.52800000,51.90000000,0.637
1749262095,0.63600000,3428.30000000,0.636
1749262095,0.63500000,23780.30000000,0.636
1749262095,0.63400000,15984.10000000,0.636
1749262095,0.63300000,27099.80000000,0.636
1749262095,0.63200000,11673.20000000,0.636
1749262095,0.63100000,2558.60000000,0.636
1749262095,0.63000000,1834.50000000,0.636
1749262095,0.62900000,3021.70000000,0.636
1749262095,0.62800000,2291.30000000,0.636
1749262095,0.62700000,2309.70000000,0.636
1749262095,0.62600000,1158.10000000,0.636
1749262095,0.62500000,1331.70000000,0.636
1749262095,0.62400000,1155.40000000,0.636
1749262095,0.62300000,1558.80000000,0.636
1749262095,0.62200000,1518.20000000,0.636
1749262095,0.62100000,905.00000000,0.636
1749262095,0.62000000,1291.00000000,0.636
1749262095,0.61900000,406.70000000,0.636
1749262095,0.61800000,417.40000000,0.636
1749262095,0.61700000,504.40000000,0.636
1749262095,0.61600000,72.20000000,0.636
1749262095,0.61500000,1305.40000000,0.636
1749262095,0.61400000,492.80000000,0.636
1749262095,0.61300000,396.30000000,0.636
1749262095,0.61200000,399.00000000,0.636
1749262095,0.61100000,16796.60000000,0.636
1749262095,0.61000000,2648.40000000,0.636
1749262095,0.60900000,72.50000000,0.636
1749262095,0.60800000,42.30000000,0.636
1749262095,0.60700000,36.10000000,0.636
1749262095,0.60600000,15.80000000,0.636
1749262095,0.60500000,402.80000000,0.636
1749262095,0.60400000,15.80000000,0.636
1749262095,0.60300000,15.80000000,0.636
1749262095,0.60200000,46.70000000,0.636
1749262095,0.60100000,584.60000000,0.636
1749262095,0.60000000,5908.10000000,0.636
1749262095,0.59900000,32.30000000,0.636
1749262095,0.59800000,32.60000000,0.636
1749262095,0.59700000,45.20000000,0.636
1749262095,0.59600000,32.00000000,0.636
1749262095,0.59500000,24.30000000,0.636
1749262095,0.59400000,86.00000000,0.636
1749262095,0.59300000,89.10000000,0.636
1749262095,0.59200000,74.00000000,0.636
1749262095,0.59100000,15.80000000,0.636
1749262095,0.59000000,1376.00000000,0.636
1749262095,0.58900000,15.80000000,0.636
1749262095,0.58800000,1112.20000000,0.636
1749262095,0.58700000,46.30000000,0.636
1749262095,0.58600000,15.80000000,0.636
1749262095,0.58500000,579.30000000,0.636
1749262095,0.58400000,15.80000000,0.636
1749262095,0.58300000,58.60000000,0.636
1749262095,0.58200000,32.90000000,0.636
1749262095,0.58100000,98.00000000,0.636
1749262095,0.58000000,514.20000000,0.636
1749262095,0.57900000,26.10000000,0.636
1749262095,0.57800000,39.60000000,0.636
1749262095,0.57700000,310.00000000,0.636
1749262095,0.57600000,37.00000000,0.636
1749262095,0.57500000,34.10000000,0.636
1749262095,0.57400000,27.10000000,0.636
1749262095,0.57300000,64.30000000,0.636
1749262095,0.57200000,15.70000000,0.636
1749262095,0.57100000,15.80000000,0.636
1749262095,0.57000000,38.10000000,0.636
1749262095,0.56800000,8.90000000,0.636
1749262095,0.56700000,122.80000000,0.636
1749262095,0.56500000,509.00000000,0.636
1749262095,0.56400000,32.00000000,0.636
1749262095,0.56100000,262.60000000,0.636
1749262095,0.56000000,4433.40000000,0.636
1749262095,0.55900000,14.30000000,0.636
1749262095,0.55700000,13.60000000,0.636
1749262095,0.55600000,69.30000000,0.636
1749262095,0.55500000,32.50000000,0.636
1749262095,0.55400000,19.60000000,0.636
1749262095,0.55300000,104.00000000,0.636
1749262095,0.55200000,1288.60000000,0.636
1749262095,0.55100000,200.00000000,0.636
1749262095,0.55000000,2395.50000000,0.636
1749262095,0.54900000,36.40000000,0.636
1749262095,0.54800000,206.10000000,0.636
1749262095,0.54700000,193.60000000,0.636
1749262095,0.54500000,20.00000000,0.636
1749262095,0.54300000,211.20000000,0.636
1749262095,0.54200000,9.30000000,0.636
1749262095,0.54100000,10.90000000,0.636
1749262095,0.54000000,149.30000000,0.636
1749262095,0.53900000,15.30000000,0.636
1749262095,0.53700000,40.50000000,0.636
1749262095,0.53500000,9.50000000,0.636
1749262095,0.53400000,32.50000000,0.636
1749262095,0.53300000,15.00000000,0.636
1749262095,0.53200000,189.10000000,0.636
1749262095,0.53100000,1894.20000000,0.636
1749262095,0.53000000,34.60000000,0.636
1749262095,0.52900000,25.00000000,0.636
1749262095,0.52800000,51.90000000,0.636
1749262397,0.63800000,1819.40000000,0.638
1749262397,0.63700000,18368.60000000,0.638
1749262397,0.63600000,27035.10000000,0.638
1749262397,0.63500000,24580.20000000,0.638
1749262397,0.63400000,10927.00000000,0.638
1749262397,0.63300000,10744.90000000,0.638
1749262397,0.63200000,1616.70000000,0.638
1749262397,0.63100000,2334.80000000,0.638
1749262397,0.63000000,2084.70000000,0.638
1749262397,0.62900000,1125.20000000,0.638
1749262397,0.62800000,2291.30000000,0.638
1749262397,0.62700000,865.20000000,0.638
1749262397,0.62600000,432.00000000,0.638
1749262397,0.62500000,867.20000000,0.638
1749262397,0.62400000,1155.40000000,0.638
1749262397,0.62300000,1558.80000000,0.638
1749262397,0.62200000,1518.20000000,0.638
1749262397,0.62100000,913.90000000,0.638
1749262397,0.62000000,1291.00000000,0.638
1749262397,0.61900000,406.70000000,0.638
1749262397,0.61800000,417.40000000,0.638
1749262397,0.61700000,504.40000000,0.638
1749262397,0.61600000,72.20000000,0.638
1749262397,0.61500000,1314.50000000,0.638
1749262397,0.61400000,492.80000000,0.638
1749262397,0.61300000,396.30000000,0.638
1749262397,0.61200000,399.00000000,0.638
1749262397,0.61100000,16796.60000000,0.638
1749262397,0.61000000,2640.00000000,0.638
1749262397,0.60900000,72.50000000,0.638
1749262397,0.60800000,42.30000000,0.638
1749262397,0.60700000,36.10000000,0.638
1749262397,0.60600000,15.80000000,0.638
1749262397,0.60500000,402.80000000,0.638
1749262397,0.60400000,15.80000000,0.638
1749262397,0.60300000,15.80000000,0.638
1749262397,0.60200000,46.70000000,0.638
1749262397,0.60100000,232.40000000,0.638
1749262397,0.60000000,5908.10000000,0.638
1749262397,0.59900000,32.30000000,0.638
1749262397,0.59800000,32.60000000,0.638
1749262397,0.59700000,45.20000000,0.638
1749262397,0.59600000,32.00000000,0.638
1749262397,0.59500000,24.30000000,0.638
1749262397,0.59400000,86.00000000,0.638
1749262397,0.59300000,89.10000000,0.638
1749262397,0.59200000,74.00000000,0.638
1749262397,0.59100000,15.80000000,0.638
1749262397,0.59000000,1376.00000000,0.638
1749262397,0.58900000,15.80000000,0.638
1749262397,0.58800000,1112.20000000,0.638
1749262397,0.58700000,46.30000000,0.638
1749262397,0.58600000,15.80000000,0.638
1749262397,0.58500000,579.30000000,0.638
1749262397,0.58400000,15.80000000,0.638
1749262397,0.58300000,58.60000000,0.638
1749262397,0.58200000,32.90000000,0.638
1749262397,0.58100000,98.00000000,0.638
1749262397,0.58000000,514.20000000,0.638
1749262397,0.57900000,26.10000000,0.638
1749262397,0.57800000,39.60000000,0.638
1749262397,0.57700000,310.00000000,0.638
1749262397,0.57600000,37.00000000,0.638
1749262397,0.57500000,34.10000000,0.638
1749262397,0.57400000,27.10000000,0.638
1749262397,0.57300000,64.30000000,0.638
1749262397,0.57000000,38.10000000,0.638
1749262397,0.56800000,8.90000000,0.638
1749262397,0.56700000,122.80000000,0.638
1749262397,0.56500000,509.00000000,0.638
1749262397,0.56400000,32.00000000,0.638
1749262397,0.56100000,262.60000000,0.638
1749262397,0.56000000,4433.40000000,0.638
1749262397,0.55900000,14.30000000,0.638
1749262397,0.55700000,13.60000000,0.638
1749262397,0.55600000,69.30000000,0.638
1749262397,0.55500000,32.50000000,0.638
1749262397,0.55400000,19.60000000,0.638
1749262397,0.55300000,104.00000000,0.638
1749262397,0.55200000,1288.60000000,0.638
1749262397,0.55100000,200.00000000,0.638
1749262397,0.55000000,2395.50000000,0.638
1749262397,0.54900000,36.40000000,0.638
1749262397,0.54800000,206.10000000,0.638
1749262397,0.54700000,193.60000000,0.638
1749262397,0.54500000,20.00000000,0.638
1749262397,0.54300000,211.20000000,0.638
1749262397,0.54200000,9.30000000,0.638
1749262397,0.54100000,10.90000000,0.638
1749262397,0.54000000,149.30000000,0.638
1749262397,0.53900000,15.30000000,0.638
1749262397,0.53700000,40.50000000,0.638
1749262397,0.53500000,9.50000000,0.638
1749262397,0.53400000,32.50000000,0.638
1749262397,0.53300000,15.00000000,0.638
1749262397,0.53200000,189.10000000,0.638
1749262397,0.53100000,1894.20000000,0.638
1749262397,0.53000000,34.60000000,0.638
1749262397,0.52900000,25.00000000,0.638
1749262397,0.52800000,51.90000000,0.638
1749262701,0.63900000,1143.50000000,0.639
1749262701,0.63800000,16605.20000000,0.639
1749262701,0.63700000,22758.00000000,0.639
1749262701,0.63600000,34810.10000000,0.639
1749262701,0.63500000,7237.70000000,0.639
1749262701,0.63400000,9511.30000000,0.639
1749262701,0.63300000,2049.30000000,0.639
1749262701,0.63200000,2807.20000000,0.639
1749262701,0.63100000,1863.50000000,0.639
1749262701,0.63000000,1567.40000000,0.639
1749262701,0.62900000,1125.20000000,0.639
1749262701,0.62800000,2086.70000000,0.639
1749262701,0.62700000,865.20000000,0.639
1749262701,0.62600000,1158.10000000,0.639
1749262701,0.62500000,867.20000000,0.639
1749262701,0.62400000,427.00000000,0.639
1749262701,0.62300000,1558.80000000,0.639
1749262701,0.62200000,1518.20000000,0.639
1749262701,0.62100000,913.90000000,0.639
1749262701,0.62000000,1291.00000000,0.639
1749262701,0.61900000,406.70000000,0.639
1749262701,0.61800000,417.40000000,0.639
1749262701,0.61700000,504.40000000,0.639
1749262701,0.61600000,72.20000000,0.639
1749262701,0.61500000,1314.50000000,0.639
1749262701,0.61400000,492.80000000,0.639
1749262701,0.61300000,396.30000000,0.639
1749262701,0.61200000,399.00000000,0.639
1749262701,0.61100000,16796.60000000,0.639
1749262701,0.61000000,2287.80000000,0.639
1749262701,0.60900000,72.50000000,0.639
1749262701,0.60800000,42.30000000,0.639
1749262701,0.60700000,36.10000000,0.639
1749262701,0.60600000,15.80000000,0.639
1749262701,0.60500000,50.60000000,0.639
1749262701,0.60400000,15.80000000,0.639
1749262701,0.60300000,15.80000000,0.639
1749262701,0.60200000,46.70000000,0.639
1749262701,0.60100000,232.40000000,0.639
1749262701,0.60000000,5908.10000000,0.639
1749262701,0.59900000,32.30000000,0.639
1749262701,0.59800000,32.60000000,0.639
1749262701,0.59700000,45.20000000,0.639
1749262701,0.59600000,32.00000000,0.639
1749262701,0.59500000,24.30000000,0.639
1749262701,0.59400000,86.00000000,0.639
1749262701,0.59300000,89.10000000,0.639
1749262701,0.59200000,74.00000000,0.639
1749262701,0.59100000,15.80000000,0.639
1749262701,0.59000000,1376.00000000,0.639
1749262701,0.58900000,15.80000000,0.639
1749262701,0.58800000,1112.20000000,0.639
1749262701,0.58700000,46.30000000,0.639
1749262701,0.58600000,15.80000000,0.639
1749262701,0.58500000,579.30000000,0.639
1749262701,0.58400000,15.80000000,0.639
1749262701,0.58300000,58.60000000,0.639
1749262701,0.58200000,32.90000000,0.639
1749262701,0.58100000,98.00000000,0.639
1749262701,0.58000000,514.20000000,0.639
1749262701,0.57900000,26.10000000,0.639
1749262701,0.57800000,39.60000000,0.639
1749262701,0.57700000,310.00000000,0.639
1749262701,0.57600000,37.00000000,0.639
1749262701,0.57500000,34.10000000,0.639
1749262701,0.57400000,27.10000000,0.639
1749262701,0.57300000,48.60000000,0.639
1749262701,0.57000000,38.10000000,0.639
1749262701,0.56800000,8.90000000,0.639
1749262701,0.56700000,122.80000000,0.639
1749262701,0.56500000,509.00000000,0.639
1749262701,0.56400000,32.00000000,0.639
1749262701,0.56100000,262.60000000,0.639
1749262701,0.56000000,4433.40000000,0.639
1749262701,0.55900000,14.30000000,0.639
1749262701,0.55700000,13.60000000,0.639
1749262701,0.55600000,69.30000000,0.639
1749262701,0.55500000,32.50000000,0.639
1749262701,0.55400000,19.60000000,0.639
1749262701,0.55300000,104.00000000,0.639
1749262701,0.55200000,1288.60000000,0.639
1749262701,0.55100000,200.00000000,0.639
1749262701,0.55000000,2395.50000000,0.639
1749262701,0.54900000,36.40000000,0.639
1749262701,0.54800000,206.10000000,0.639
1749262701,0.54700000,193.60000000,0.639
1749262701,0.54500000,20.00000000,0.639
1749262701,0.54300000,211.20000000,0.639
1749262701,0.54200000,9.30000000,0.639
1749262701,0.54100000,10.90000000,0.639
1749262701,0.54000000,149.30000000,0.639
1749262701,0.53900000,15.30000000,0.639
1749262701,0.53700000,40.50000000,0.639
1749262701,0.53500000,9.50000000,0.639
1749262701,0.53400000,32.50000000,0.639
1749262701,0.53300000,15.00000000,0.639
1749262701,0.53200000,189.10000000,0.639
1749262701,0.53100000,1894.20000000,0.639
1749262701,0.53000000,34.60000000,0.639
1749262701,0.52900000,25.00000000,0.639
1749263010,0.63900000,5354.80000000,0.64
1749263010,0.63800000,25182.80000000,0.64
1749263010,0.63700000,18461.20000000,0.64
1749263010,0.63600000,16848.30000000,0.64
1749263010,0.63500000,17235.30000000,0.64
1749263010,0.63400000,9079.10000000,0.64
1749263010,0.63300000,2049.30000000,0.64
1749263010,0.63200000,2088.00000000,0.64
1749263010,0.63100000,1863.50000000,0.64
1749263010,0.63000000,2288.90000000,0.64
1749263010,0.62900000,1125.20000000,0.64
1749263010,0.62800000,2086.70000000,0.64
1749263010,0.62700000,865.20000000,0.64
1749263010,0.62600000,1158.10000000,0.64
1749263010,0.62500000,867.20000000,0.64
1749263010,0.62400000,427.00000000,0.64
1749263010,0.62300000,1558.80000000,0.64
1749263010,0.62200000,1518.20000000,0.64
1749263010,0.62100000,913.90000000,0.64
1749263010,0.62000000,1291.00000000,0.64
1749263010,0.61900000,406.70000000,0.64
1749263010,0.61800000,417.40000000,0.64
1749263010,0.61700000,504.40000000,0.64
1749263010,0.61600000,72.20000000,0.64
1749263010,0.61500000,1314.50000000,0.64
1749263010,0.61400000,492.80000000,0.64
1749263010,0.61300000,396.30000000,0.64
1749263010,0.61200000,429.00000000,0.64
1749263010,0.61100000,16796.60000000,0.64
1749263010,0.61000000,2287.80000000,0.64
1749263010,0.60900000,72.50000000,0.64
1749263010,0.60800000,42.30000000,0.64
1749263010,0.60700000,36.10000000,0.64
1749263010,0.60600000,15.80000000,0.64
1749263010,0.60500000,50.60000000,0.64
1749263010,0.60400000,15.80000000,0.64
1749263010,0.60300000,15.80000000,0.64
1749263010,0.60200000,46.70000000,0.64
1749263010,0.60100000,232.40000000,0.64
1749263010,0.60000000,5908.10000000,0.64
1749263010,0.59900000,32.30000000,0.64
1749263010,0.59800000,32.60000000,0.64
1749263010,0.59700000,45.20000000,0.64
1749263010,0.59600000,32.00000000,0.64
1749263010,0.59500000,24.30000000,0.64
1749263010,0.59400000,86.00000000,0.64
1749263010,0.59300000,89.10000000,0.64
1749263010,0.59200000,74.00000000,0.64
1749263010,0.59100000,15.80000000,0.64
1749263010,0.59000000,1376.00000000,0.64
1749263010,0.58900000,15.80000000,0.64
1749263010,0.58800000,1112.20000000,0.64
1749263010,0.58700000,46.30000000,0.64
1749263010,0.58600000,15.80000000,0.64
1749263010,0.58500000,579.30000000,0.64
1749263010,0.58400000,15.80000000,0.64
1749263010,0.58300000,58.60000000,0.64
1749263010,0.58200000,32.90000000,0.64
1749263010,0.58100000,98.00000000,0.64
1749263010,0.58000000,514.20000000,0.64
1749263010,0.57900000,26.10000000,0.64
1749263010,0.57800000,39.60000000,0.64
1749263010,0.57700000,310.00000000,0.64
1749263010,0.57600000,37.00000000,0.64
1749263010,0.57500000,34.10000000,0.64
1749263010,0.57400000,65.10000000,0.64
1749263010,0.57300000,10.20000000,0.64
1749263010,0.57000000,38.10000000,0.64
1749263010,0.56800000,8.90000000,0.64
1749263010,0.56700000,122.80000000,0.64
1749263010,0.56500000,509.00000000,0.64
1749263010,0.56400000,32.00000000,0.64
1749263010,0.56100000,262.60000000,0.64
1749263010,0.56000000,4433.40000000,0.64
1749263010,0.55900000,14.30000000,0.64
1749263010,0.55700000,13.60000000,0.64
1749263010,0.55600000,69.30000000,0.64
1749263010,0.55500000,32.50000000,0.64
1749263010,0.55400000,19.60000000,0.64
1749263010,0.55300000,104.00000000,0.64
1749263010,0.55200000,1288.60000000,0.64
1749263010,0.55100000,200.00000000,0.64
1749263010,0.55000000,2395.50000000,0.64
1749263010,0.54900000,36.40000000,0.64
1749263010,0.54800000,206.10000000,0.64
1749263010,0.54700000,193.60000000,0.64
1749263010,0.54500000,20.00000000,0.64
1749263010,0.54300000,211.20000000,0.64
1749263010,0.54200000,9.30000000,0.64
1749263010,0.54100000,10.90000000,0.64
1749263010,0.54000000,149.30000000,0.64
1749263010,0.53900000,15.30000000,0.64
1749263010,0.53700000,40.50000000,0.64
1749263010,0.53500000,9.50000000,0.64
1749263010,0.53400000,32.50000000,0.64
1749263010,0.53300000,15.00000000,0.64
1749263010,0.53200000,189.10000000,0.64
1749263010,0.53100000,1894.20000000,0.64
1749263010,0.53000000,34.60000000,0.64
1749263010,0.52900000,25.00000000,0.64
1749263318,0.64000000,4434.60000000,0.64
1749263318,0.63900000,10187.10000000,0.64
1749263318,0.63800000,16165.40000000,0.64
1749263318,0.63700000,25698.00000000,0.64
1749263318,0.63600000,19958.10000000,0.64
1749263318,0.63500000,3430.40000000,0.64
1749263318,0.63400000,3610.50000000,0.64
1749263318,0.63300000,2568.70000000,0.64
1749263318,0.63200000,2539.50000000,0.64
1749263318,0.63100000,1863.50000000,0.64
1749263318,0.63000000,1363.20000000,0.64
1749263318,0.62900000,1537.70000000,0.64
1749263318,0.62800000,1231.70000000,0.64
1749263318,0.62700000,3243.30000000,0.64
1749263318,0.62600000,1158.10000000,0.64
1749263318,0.62500000,867.20000000,0.64
1749263318,0.62400000,427.00000000,0.64
1749263318,0.62300000,1558.80000000,0.64
1749263318,0.62200000,1518.20000000,0.64
1749263318,0.62100000,913.90000000,0.64
1749263318,0.62000000,1291.00000000,0.64
1749263318,0.61900000,406.70000000,0.64
1749263318,0.61800000,417.40000000,0.64
1749263318,0.61700000,504.40000000,0.64
1749263318,0.61600000,72.20000000,0.64
1749263318,0.61500000,1314.50000000,0.64
1749263318,0.61400000,492.80000000,0.64
1749263318,0.61300000,396.30000000,0.64
1749263318,0.61200000,399.00000000,0.64
1749263318,0.61100000,16444.40000000,0.64
1749263318,0.61000000,2287.80000000,0.64
1749263318,0.60900000,72.50000000,0.64
1749263318,0.60800000,42.30000000,0.64
1749263318,0.60700000,36.10000000,0.64
1749263318,0.60600000,15.80000000,0.64
1749263318,0.60500000,50.60000000,0.64
1749263318,0.60400000,15.80000000,0.64
1749263318,0.60300000,15.80000000,0.64
1749263318,0.60200000,46.70000000,0.64
1749263318,0.60100000,232.40000000,0.64
1749263318,0.60000000,5908.10000000,0.64
1749263318,0.59900000,32.30000000,0.64
1749263318,0.59800000,32.60000000,0.64
1749263318,0.59700000,45.20000000,0.64
1749263318,0.59600000,32.00000000,0.64
1749263318,0.59500000,24.30000000,0.64
1749263318,0.59400000,86.00000000,0.64
1749263318,0.59300000,89.10000000,0.64
1749263318,0.59200000,74.00000000,0.64
1749263318,0.59100000,15.80000000,0.64
1749263318,0.59000000,1376.00000000,0.64
1749263318,0.58900000,15.80000000,0.64
1749263318,0.58800000,1112.20000000,0.64
1749263318,0.58700000,46.30000000,0.64
1749263318,0.58600000,15.80000000,0.64
1749263318,0.58500000,579.30000000,0.64
1749263318,0.58400000,15.80000000,0.64
1749263318,0.58300000,58.60000000,0.64
1749263318,0.58200000,32.90000000,0.64
1749263318,0.58100000,98.00000000,0.64
1749263318,0.58000000,514.20000000,0.64
1749263318,0.57900000,26.10000000,0.64
1749263318,0.57800000,39.60000000,0.64
1749263318,0.57700000,310.00000000,0.64
1749263318,0.57600000,37.00000000,0.64
1749263318,0.57500000,72.10000000,0.64
1749263318,0.57400000,11.40000000,0.64
1749263318,0.57300000,10.20000000,0.64
1749263318,0.57000000,38.10000000,0.64
1749263318,0.56800000,8.90000000,0.64
1749263318,0.56700000,122.80000000,0.64
1749263318,0.56500000,509.00000000,0.64
1749263318,0.56400000,32.00000000,0.64
1749263318,0.56100000,262.60000000,0.64
1749263318,0.56000000,4433.40000000,0.64
1749263318,0.55900000,14.30000000,0.64
1749263318,0.55700000,13.60000000,0.64
1749263318,0.55600000,69.30000000,0.64
1749263318,0.55500000,32.50000000,0.64
1749263318,0.55400000,19.60000000,0.64
1749263318,0.55300000,104.00000000,0.64
1749263318,0.55200000,1288.60000000,0.64
1749263318,0.55100000,200.00000000,0.64
1749263318,0.55000000,2395.50000000,0.64
1749263318,0.54900000,36.40000000,0.64
1749263318,0.54800000,206.10000000,0.64
1749263318,0.54700000,193.60000000,0.64
1749263318,0.54500000,20.00000000,0.64
1749263318,0.54300000,211.20000000,0.64
1749263318,0.54200000,9.30000000,0.64
1749263318,0.54100000,10.90000000,0.64
1749263318,0.54000000,149.30000000,0.64
1749263318,0.53900000,15.30000000,0.64
1749263318,0.53700000,40.50000000,0.64
1749263318,0.53500000,9.50000000,0.64
1749263318,0.53400000,32.50000000,0.64
1749263318,0.53300000,15.00000000,0.64
1749263318,0.53200000,189.10000000,0.64
1749263318,0.53100000,1894.20000000,0.64
1749263318,0.53000000,34.60000000,0.64
1749263619,0.63900000,4194.10000000,0.64
1749263619,0.63800000,22970.80000000,0.64
1749263619,0.63700000,23482.30000000,0.64
1749263619,0.63600000,35989.90000000,0.64
1749263619,0.63500000,4121.20000000,0.64
1749263619,0.63400000,3610.50000000,0.64
1749263619,0.63300000,2568.70000000,0.64
1749263619,0.63200000,2539.50000000,0.64
1749263619,0.63100000,1863.50000000,0.64
1749263619,0.63000000,1363.20000000,0.64
1749263619,0.62900000,1537.70000000,0.64
1749263619,0.62800000,1231.70000000,0.64
1749263619,0.62700000,392.00000000,0.64
1749263619,0.62600000,1158.10000000,0.64
1749263619,0.62500000,867.20000000,0.64
1749263619,0.62400000,427.00000000,0.64
1749263619,0.62300000,1558.80000000,0.64
1749263619,0.62200000,1518.20000000,0.64
1749263619,0.62100000,913.90000000,0.64
1749263619,0.62000000,1291.00000000,0.64
1749263619,0.61900000,406.70000000,0.64
1749263619,0.61800000,417.40000000,0.64
1749263619,0.61700000,504.40000000,0.64
1749263619,0.61600000,72.20000000,0.64
1749263619,0.61500000,1314.50000000,0.64
1749263619,0.61400000,492.80000000,0.64
1749263619,0.61300000,396.30000000,0.64
1749263619,0.61200000,602.90000000,0.64
1749263619,0.61100000,16444.40000000,0.64
1749263619,0.61000000,2287.80000000,0.64
1749263619,0.60900000,72.50000000,0.64
1749263619,0.60800000,42.30000000,0.64
1749263619,0.60700000,36.10000000,0.64
1749263619,0.60600000,15.80000000,0.64
1749263619,0.60500000,50.60000000,0.64
1749263619,0.60400000,15.80000000,0.64
1749263619,0.60300000,15.80000000,0.64
1749263619,0.60200000,46.70000000,0.64
1749263619,0.60100000,232.40000000,0.64
1749263619,0.60000000,5908.10000000,0.64
1749263619,0.59900000,32.30000000,0.64
1749263619,0.59800000,32.60000000,0.64
1749263619,0.59700000,45.20000000,0.64
1749263619,0.59600000,32.00000000,0.64
1749263619,0.59500000,24.30000000,0.64
1749263619,0.59400000,86.00000000,0.64
1749263619,0.59300000,89.10000000,0.64
1749263619,0.59200000,74.00000000,0.64
1749263619,0.59100000,15.80000000,0.64
1749263619,0.59000000,1376.00000000,0.64
1749263619,0.58900000,15.80000000,0.64
1749263619,0.58800000,1112.20000000,0.64
1749263619,0.58700000,46.30000000,0.64
1749263619,0.58600000,15.80000000,0.64
1749263619,0.58500000,579.30000000,0.64
1749263619,0.58400000,15.80000000,0.64
1749263619,0.58300000,58.60000000,0.64
1749263619,0.58200000,32.90000000,0.64
1749263619,0.58100000,98.00000000,0.64
1749263619,0.58000000,514.20000000,0.64
1749263619,0.57900000,26.10000000,0.64
1749263619,0.57800000,39.60000000,0.64
1749263619,0.57700000,310.00000000,0.64
1749263619,0.57600000,37.00000000,0.64
1749263619,0.57500000,72.10000000,0.64
1749263619,0.57400000,27.10000000,0.64
1749263619,0.57300000,10.20000000,0.64
1749263619,0.57000000,38.10000000,0.64
1749263619,0.56800000,8.90000000,0.64
1749263619,0.56700000,122.80000000,0.64
1749263619,0.56500000,509.00000000,0.64
1749263619,0.56400000,32.00000000,0.64
1749263619,0.56100000,262.60000000,0.64
1749263619,0.56000000,4433.40000000,0.64
1749263619,0.55900000,14.30000000,0.64
1749263619,0.55700000,13.60000000,0.64
1749263619,0.55600000,69.30000000,0.64
1749263619,0.55500000,32.50000000,0.64
1749263619,0.55400000,19.60000000,0.64
1749263619,0.55300000,104.00000000,0.64
1749263619,0.55200000,1288.60000000,0.64
1749263619,0.55100000,200.00000000,0.64
1749263619,0.55000000,2395.50000000,0.64
1749263619,0.54900000,36.40000000,0.64
1749263619,0.54800000,206.10000000,0.64
1749263619,0.54700000,193.60000000,0.64
1749263619,0.54500000,20.00000000,0.64
1749263619,0.54300000,211.20000000,0.64
1749263619,0.54200000,9.30000000,0.64
1749263619,0.54100000,10.90000000,0.64
1749263619,0.54000000,149.30000000,0.64
1749263619,0.53900000,15.30000000,0.64
1749263619,0.53700000,40.50000000,0.64
1749263619,0.53500000,9.50000000,0.64
1749263619,0.53400000,32.50000000,0.64
1749263619,0.53300000,15.00000000,0.64
1749263619,0.53200000,189.10000000,0.64
1749263619,0.53100000,1894.20000000,0.64
1749263619,0.53000000,34.60000000,0.64
1749263619,0.52900000,25.00000000,0.64
1749263927,0.64000000,5427.80000000,0.641
1749263927,0.63900000,26034.70000000,0.641
1749263927,0.63800000,34328.50000000,0.641
1749263927,0.63700000,25199.60000000,0.641
1749263927,0.63600000,9354.20000000,0.641
1749263927,0.63500000,3430.40000000,0.641
1749263927,0.63400000,4079.60000000,0.641
1749263927,0.63300000,2098.90000000,0.641
1749263927,0.63200000,2539.50000000,0.641
1749263927,0.63100000,1863.50000000,0.641
1749263927,0.63000000,1442.40000000,0.641
1749263927,0.62900000,863.30000000,0.641
1749263927,0.62800000,1955.50000000,0.641
1749263927,0.62700000,392.00000000,0.641
1749263927,0.62600000,432.00000000,0.641
1749263927,0.62500000,867.20000000,0.641
1749263927,0.62400000,427.00000000,0.641
1749263927,0.62300000,1558.80000000,0.641
1749263927,0.62200000,1518.20000000,0.641
1749263927,0.62100000,913.90000000,0.641
1749263927,0.62000000,1291.00000000,0.641
1749263927,0.61900000,406.70000000,0.641
1749263927,0.61800000,417.40000000,0.641
1749263927,0.61700000,504.40000000,0.641
1749263927,0.61600000,72.20000000,0.641
1749263927,0.61500000,1314.50000000,0.641
1749263927,0.61400000,492.80000000,0.641
1749263927,0.61300000,396.30000000,0.641
1749263927,0.61200000,399.00000000,0.641
1749263927,0.61100000,16444.40000000,0.641
1749263927,0.61000000,2287.80000000,0.641
1749263927,0.60900000,72.50000000,0.641
1749263927,0.60800000,42.30000000,0.641
1749263927,0.60700000,36.10000000,0.641
1749263927,0.60600000,15.80000000,0.641
1749263927,0.60500000,50.60000000,0.641
1749263927,0.60400000,15.80000000,0.641
1749263927,0.60300000,15.80000000,0.641
1749263927,0.60200000,46.70000000,0.641
1749263927,0.60100000,232.40000000,0.641
1749263927,0.60000000,5908.10000000,0.641
1749263927,0.59900000,32.30000000,0.641
1749263927,0.59800000,32.60000000,0.641
1749263927,0.59700000,45.20000000,0.641
1749263927,0.59600000,32.00000000,0.641
1749263927,0.59500000,24.30000000,0.641
1749263927,0.59400000,86.00000000,0.641
1749263927,0.59300000,89.10000000,0.641
1749263927,0.59200000,74.00000000,0.641
1749263927,0.59100000,15.80000000,0.641
1749263927,0.59000000,1376.00000000,0.641
1749263927,0.58900000,15.80000000,0.641
1749263927,0.58800000,1112.20000000,0.641
1749263927,0.58700000,46.30000000,0.641
1749263927,0.58600000,15.80000000,0.641
1749263927,0.58500000,579.30000000,0.641
1749263927,0.58400000,15.80000000,0.641
1749263927,0.58300000,58.60000000,0.641
1749263927,0.58200000,32.90000000,0.641
1749263927,0.58100000,98.00000000,0.641
1749263927,0.58000000,514.20000000,0.641
1749263927,0.57900000,26.10000000,0.641
1749263927,0.57800000,39.60000000,0.641
1749263927,0.57700000,310.00000000,0.641
1749263927,0.57600000,37.00000000,0.641
1749263927,0.57500000,71.90000000,0.641
1749263927,0.57400000,11.40000000,0.641
1749263927,0.57300000,10.20000000,0.641
1749263927,0.57000000,38.10000000,0.641
1749263927,0.56800000,8.90000000,0.641
1749263927,0.56700000,122.80000000,0.641
1749263927,0.56500000,509.00000000,0.641
1749263927,0.56400000,32.00000000,0.641
1749263927,0.56100000,262.60000000,0.641
1749263927,0.56000000,4433.40000000,0.641
1749263927,0.55900000,14.30000000,0.641
1749263927,0.55700000,13.60000000,0.641
1749263927,0.55600000,69.30000000,0.641
1749263927,0.55500000,32.50000000,0.641
1749263927,0.55400000,19.60000000,0.641
1749263927,0.55300000,104.00000000,0.641
1749263927,0.55200000,1288.60000000,0.641
1749263927,0.55100000,200.00000000,0.641
1749263927,0.55000000,2395.50000000,0.641
1749263927,0.54900000,36.40000000,0.641
1749263927,0.54800000,206.10000000,0.641
1749263927,0.54700000,193.60000000,0.641
1749263927,0.54500000,20.00000000,0.641
1749263927,0.54300000,211.20000000,0.641
1749263927,0.54200000,9.30000000,0.641
1749263927,0.54100000,10.90000000,0.641
1749263927,0.54000000,149.30000000,0.641
1749263927,0.53900000,15.30000000,0.641
1749263927,0.53700000,40.50000000,0.641
1749263927,0.53500000,9.50000000,0.641
1749263927,0.53400000,32.50000000,0.641
1749263927,0.53300000,15.00000000,0.641
1749263927,0.53200000,189.10000000,0.641
1749263927,0.53100000,1894.20000000,0.641
1749263927,0.53000000,34.60000000,0.641
1749264228,0.63900000,10359.90000000,0.639
1749264228,0.63800000,14244.20000000,0.639
1749264228,0.63700000,32138.10000000,0.639
1749264228,0.63600000,26380.10000000,0.639
1749264228,0.63500000,4656.80000000,0.639
1749264228,0.63400000,1935.20000000,0.639
1749264228,0.63300000,2568.00000000,0.639
1749264228,0.63200000,1820.30000000,0.639
1749264228,0.63100000,1863.50000000,0.639
1749264228,0.63000000,2084.70000000,0.639
1749264228,0.62900000,863.30000000,0.639
1749264228,0.62800000,1231.70000000,0.639
1749264228,0.62700000,392.00000000,0.639
1749264228,0.62600000,1158.10000000,0.639
1749264228,0.62500000,867.20000000,0.639
1749264228,0.62400000,427.00000000,0.639
1749264228,0.62300000,1505.40000000,0.639
1749264228,0.62200000,1518.20000000,0.639
1749264228,0.62100000,913.90000000,0.639
1749264228,0.62000000,1279.00000000,0.639
1749264228,0.61900000,406.70000000,0.639
1749264228,0.61800000,417.40000000,0.639
1749264228,0.61700000,504.40000000,0.639
1749264228,0.61600000,72.20000000,0.639
1749264228,0.61500000,1314.50000000,0.639
1749264228,0.61400000,493.30000000,0.639
1749264228,0.61300000,396.30000000,0.639
1749264228,0.61200000,577.70000000,0.639
1749264228,0.61100000,16796.60000000,0.639
1749264228,0.61000000,2287.80000000,0.639
1749264228,0.60900000,72.50000000,0.639
1749264228,0.60800000,42.30000000,0.639
1749264228,0.60700000,36.10000000,0.639
1749264228,0.60600000,15.80000000,0.639
1749264228,0.60500000,50.60000000,0.639
1749264228,0.60400000,15.80000000,0.639
1749264228,0.60300000,15.80000000,0.639
1749264228,0.60200000,46.70000000,0.639
1749264228,0.60100000,232.40000000,0.639
1749264228,0.60000000,5908.10000000,0.639
1749264228,0.59900000,32.30000000,0.639
1749264228,0.59800000,32.60000000,0.639
1749264228,0.59700000,45.20000000,0.639
1749264228,0.59600000,32.00000000,0.639
1749264228,0.59500000,24.30000000,0.639
1749264228,0.59400000,86.00000000,0.639
1749264228,0.59300000,89.10000000,0.639
1749264228,0.59200000,74.00000000,0.639
1749264228,0.59100000,15.80000000,0.639
1749264228,0.59000000,1376.00000000,0.639
1749264228,0.58900000,15.80000000,0.639
1749264228,0.58800000,1112.20000000,0.639
1749264228,0.58700000,46.30000000,0.639
1749264228,0.58600000,15.80000000,0.639
1749264228,0.58500000,579.30000000,0.639
1749264228,0.58400000,15.80000000,0.639
1749264228,0.58300000,58.60000000,0.639
1749264228,0.58200000,32.90000000,0.639
1749264228,0.58100000,98.00000000,0.639
1749264228,0.58000000,514.20000000,0.639
1749264228,0.57900000,26.10000000,0.639
1749264228,0.57800000,39.60000000,0.639
1749264228,0.57700000,310.00000000,0.639
1749264228,0.57600000,37.00000000,0.639
1749264228,0.57500000,71.90000000,0.639
1749264228,0.57400000,27.10000000,0.639
1749264228,0.57300000,10.20000000,0.639
1749264228,0.57000000,38.10000000,0.639
1749264228,0.56800000,8.90000000,0.639
1749264228,0.56700000,122.80000000,0.639
1749264228,0.56500000,509.00000000,0.639
1749264228,0.56400000,32.00000000,0.639
1749264228,0.56100000,262.60000000,0.639
1749264228,0.56000000,4433.40000000,0.639
1749264228,0.55900000,14.30000000,0.639
1749264228,0.55700000,13.60000000,0.639
1749264228,0.55600000,69.30000000,0.639
1749264228,0.55500000,32.50000000,0.639
1749264228,0.55400000,19.60000000,0.639
1749264228,0.55300000,104.00000000,0.639
1749264228,0.55200000,1288.60000000,0.639
1749264228,0.55100000,200.00000000,0.639
1749264228,0.55000000,2395.50000000,0.639
1749264228,0.54900000,36.40000000,0.639
1749264228,0.54800000,206.10000000,0.639
1749264228,0.54700000,193.60000000,0.639
1749264228,0.54500000,20.00000000,0.639
1749264228,0.54300000,211.20000000,0.639
1749264228,0.54200000,9.30000000,0.639
1749264228,0.54100000,10.90000000,0.639
1749264228,0.54000000,149.30000000,0.639
1749264228,0.53900000,15.30000000,0.639
1749264228,0.53700000,40.50000000,0.639
1749264228,0.53500000,9.50000000,0.639
1749264228,0.53400000,32.50000000,0.639
1749264228,0.53300000,15.00000000,0.639
1749264228,0.53200000,189.10000000,0.639
1749264228,0.53100000,1894.20000000,0.639
1749264228,0.53000000,34.60000000,0.639
1749264228,0.52900000,25.00000000,0.639
1749264530,0.63900000,4910.70000000,0.639
1749264530,0.63800000,22336.40000000,0.639
1749264530,0.63700000,29304.40000000,0.639
1749264530,0.63600000,26333.20000000,0.639
1749264530,0.63500000,11608.40000000,0.639
1749264530,0.63400000,2652.10000000,0.639
1749264530,0.63300000,2568.00000000,0.639
1749264530,0.63200000,1616.70000000,0.639
1749264530,0.63100000,2067.30000000,0.639
1749264530,0.63000000,2084.70000000,0.639
1749264530,0.62900000,863.30000000,0.639
1749264530,0.62800000,1231.70000000,0.639
1749264530,0.62700000,392.00000000,0.639
1749264530,0.62600000,1158.10000000,0.639
1749264530,0.62500000,867.20000000,0.639
1749264530,0.62400000,427.00000000,0.639
1749264530,0.62300000,3135.40000000,0.639
1749264530,0.62200000,1518.20000000,0.639
1749264530,0.62100000,913.90000000,0.639
1749264530,0.62000000,1279.00000000,0.639
1749264530,0.61900000,406.70000000,0.639
1749264530,0.61800000,417.40000000,0.639
1749264530,0.61700000,504.40000000,0.639
1749264530,0.61600000,72.20000000,0.639
1749264530,0.61500000,1314.50000000,0.639
1749264530,0.61400000,493.30000000,0.639
1749264530,0.61300000,396.30000000,0.639
1749264530,0.61200000,399.00000000,0.639
1749264530,0.61100000,16796.60000000,0.639
1749264530,0.61000000,2287.80000000,0.639
1749264530,0.60900000,72.50000000,0.639
1749264530,0.60800000,42.30000000,0.639
1749264530,0.60700000,36.10000000,0.639
1749264530,0.60600000,15.80000000,0.639
1749264530,0.60500000,50.60000000,0.639
1749264530,0.60400000,15.80000000,0.639
1749264530,0.60300000,15.80000000,0.639
1749264530,0.60200000,46.70000000,0.639
1749264530,0.60100000,232.40000000,0.639
1749264530,0.60000000,5908.10000000,0.639
1749264530,0.59900000,32.30000000,0.639
1749264530,0.59800000,32.60000000,0.639
1749264530,0.59700000,45.20000000,0.639
1749264530,0.59600000,32.00000000,0.639
1749264530,0.59500000,24.30000000,0.639
1749264530,0.59400000,86.00000000,0.639
1749264530,0.59300000,89.10000000,0.639
1749264530,0.59200000,74.00000000,0.639
1749264530,0.59100000,15.80000000,0.639
1749264530,0.59000000,1376.00000000,0.639
1749264530,0.58900000,15.80000000,0.639
1749264530,0.58800000,1112.20000000,0.639
1749264530,0.58700000,46.30000000,0.639
1749264530,0.58600000,15.80000000,0.639
1749264530,0.58500000,470.80000000,0.639
1749264530,0.58400000,15.80000000,0.639
1749264530,0.58300000,58.60000000,0.639
1749264530,0.58200000,32.90000000,0.639
1749264530,0.58100000,98.00000000,0.639
1749264530,0.58000000,623.70000000,0.639
1749264530,0.57900000,26.10000000,0.639
1749264530,0.57800000,39.60000000,0.639
1749264530,0.57700000,310.00000000,0.639
1749264530,0.57600000,37.00000000,0.639
1749264530,0.57500000,33.90000000,0.639
1749264530,0.57400000,65.10000000,0.639
1749264530,0.57300000,10.20000000,0.639
1749264530,0.57000000,38.10000000,0.639
1749264530,0.56800000,8.90000000,0.639
1749264530,0.56700000,122.80000000,0.639
1749264530,0.56500000,509.00000000,0.639
1749264530,0.56400000,32.00000000,0.639
1749264530,0.56100000,262.60000000,0.639
1749264530,0.56000000,4433.40000000,0.639
1749264530,0.55900000,14.30000000,0.639
1749264530,0.55700000,13.60000000,0.639
1749264530,0.55600000,69.30000000,0.639
1749264530,0.55500000,32.50000000,0.639
1749264530,0.55400000,19.60000000,0.639
1749264530,0.55300000,104.00000000,0.639
1749264530,0.55200000,1288.60000000,0.639
1749264530,0.55100000,200.00000000,0.639
1749264530,0.55000000,2395.50000000,0.639
1749264530,0.54900000,36.40000000,0.639
1749264530,0.54800000,206.10000000,0.639
1749264530,0.54700000,193.60000000,0.639
1749264530,0.54500000,20.00000000,0.639
1749264530,0.54300000,211.20000000,0.639
1749264530,0.54200000,9.30000000,0.639
1749264530,0.54100000,10.90000000,0.639
1749264530,0.54000000,149.30000000,0.639
1749264530,0.53900000,15.30000000,0.639
1749264530,0.53700000,40.50000000,0.639
1749264530,0.53500000,9.50000000,0.639
1749264530,0.53400000,32.50000000,0.639
1749264530,0.53300000,15.00000000,0.639
1749264530,0.53200000,189.10000000,0.639
1749264530,0.53100000,1894.20000000,0.639
1749264530,0.53000000,34.60000000,0.639
1749264530,0.52900000,25.00000000,0.639
1749264832,0.64200000,1806.30000000,0.642
1749264832,0.64100000,23452.40000000,0.642
1749264832,0.64000000,27564.30000000,0.642
1749264832,0.63900000,24768.60000000,0.642
1749264832,0.63800000,12761.90000000,0.642
1749264832,0.63700000,7458.30000000,0.642
1749264832,0.63600000,3376.50000000,0.642
1749264832,0.63500000,2163.70000000,0.642
1749264832,0.63400000,1935.20000000,0.642
1749264832,0.63300000,2302.20000000,0.642
1749264832,0.63200000,2335.90000000,0.642
1749264832,0.63100000,858.70000000,0.642
1749264832,0.63000000,498.80000000,0.642
1749264832,0.62900000,1123.90000000,0.642
1749264832,0.62800000,1231.70000000,0.642
1749264832,0.62700000,392.00000000,0.642
1749264832,0.62600000,432.00000000,0.642
1749264832,0.62500000,867.20000000,0.642
1749264832,0.62400000,427.00000000,0.642
1749264832,0.62300000,1505.40000000,0.642
1749264832,0.62200000,1518.20000000,0.642
1749264832,0.62100000,901.90000000,0.642
1749264832,0.62000000,1279.00000000,0.642
1749264832,0.61900000,397.00000000,0.642
1749264832,0.61800000,417.40000000,0.642
1749264832,0.61700000,504.40000000,0.642
1749264832,0.61600000,72.20000000,0.642
1749264832,0.61500000,1305.40000000,0.642
1749264832,0.61400000,493.30000000,0.642
1749264832,0.61300000,396.30000000,0.642
1749264832,0.61200000,415.20000000,0.642
1749264832,0.61100000,16444.40000000,0.642
1749264832,0.61000000,2287.80000000,0.642
1749264832,0.60900000,72.50000000,0.642
1749264832,0.60800000,42.30000000,0.642
1749264832,0.60700000,36.10000000,0.642
1749264832,0.60600000,15.80000000,0.642
1749264832,0.60500000,50.60000000,0.642
1749264832,0.60400000,15.80000000,0.642
1749264832,0.60300000,15.80000000,0.642
1749264832,0.60200000,46.70000000,0.642
1749264832,0.60100000,232.40000000,0.642
1749264832,0.60000000,5893.10000000,0.642
1749264832,0.59900000,32.30000000,0.642
1749264832,0.59800000,32.60000000,0.642
1749264832,0.59700000,45.20000000,0.642
1749264832,0.59600000,32.00000000,0.642
1749264832,0.59500000,24.30000000,0.642
1749264832,0.59400000,86.00000000,0.642
1749264832,0.59300000,89.10000000,0.642
1749264832,0.59200000,74.00000000,0.642
1749264832,0.59100000,15.80000000,0.642
1749264832,0.59000000,1376.00000000,0.642
1749264832,0.58900000,15.80000000,0.642
1749264832,0.58800000,1112.20000000,0.642
1749264832,0.58700000,46.30000000,0.642
1749264832,0.58600000,15.80000000,0.642
1749264832,0.58500000,470.80000000,0.642
1749264832,0.58400000,15.80000000,0.642
1749264832,0.58300000,58.60000000,0.642
1749264832,0.58200000,32.90000000,0.642
1749264832,0.58100000,77.30000000,0.642
1749264832,0.58000000,623.70000000,0.642
1749264832,0.57900000,26.10000000,0.642
1749264832,0.57800000,39.60000000,0.642
1749264832,0.57700000,310.00000000,0.642
1749264832,0.57600000,21.20000000,0.642
1749264832,0.57500000,18.30000000,0.642
1749264832,0.57400000,49.40000000,0.642
1749264832,0.57300000,10.20000000,0.642
1749264832,0.57000000,38.10000000,0.642
1749264832,0.56800000,8.90000000,0.642
1749264832,0.56700000,122.80000000,0.642
1749264832,0.56500000,509.00000000,0.642
1749264832,0.56400000,32.00000000,0.642
1749264832,0.56100000,262.60000000,0.642
1749264832,0.56000000,4433.40000000,0.642
1749264832,0.55900000,14.30000000,0.642
1749264832,0.55700000,13.60000000,0.642
1749264832,0.55600000,69.30000000,0.642
1749264832,0.55500000,32.50000000,0.642
1749264832,0.55400000,19.60000000,0.642
1749264832,0.55300000,104.00000000,0.642
1749264832,0.55200000,1288.60000000,0.642
1749264832,0.55100000,200.00000000,0.642
1749264832,0.55000000,2395.50000000,0.642
1749264832,0.54900000,36.40000000,0.642
1749264832,0.54800000,206.10000000,0.642
1749264832,0.54700000,193.60000000,0.642
1749264832,0.54500000,20.00000000,0.642
1749264832,0.54300000,211.20000000,0.642
1749264832,0.54200000,9.30000000,0.642
1749264832,0.54100000,10.90000000,0.642
1749264832,0.54000000,149.30000000,0.642
1749264832,0.53900000,15.30000000,0.642
1749264832,0.53700000,40.50000000,0.642
1749264832,0.53500000,9.50000000,0.642
1749264832,0.53400000,32.50000000,0.642
1749264832,0.53300000,15.00000000,0.642
1749264832,0.53200000,189.10000000,0.642
1749265133,0.64300000,2350.20000000,0.643
1749265133,0.64200000,21408.30000000,0.643
1749265133,0.64100000,22157.90000000,0.643
1749265133,0.64000000,26689.20000000,0.643
1749265133,0.63900000,7380.10000000,0.643
1749265133,0.63800000,10874.00000000,0.643
1749265133,0.63700000,2035.40000000,0.643
1749265133,0.63600000,4002.50000000,0.643
1749265133,0.63500000,2410.40000000,0.643
1749265133,0.63400000,1935.20000000,0.643
1749265133,0.63300000,2252.60000000,0.643
1749265133,0.63200000,1616.70000000,0.643
1749265133,0.63100000,858.70000000,0.643
1749265133,0.63000000,498.80000000,0.643
1749265133,0.62900000,1123.90000000,0.643
1749265133,0.62800000,1231.70000000,0.643
1749265133,0.62700000,392.00000000,0.643
1749265133,0.62600000,432.00000000,0.643
1749265133,0.62500000,867.20000000,0.643
1749265133,0.62400000,427.00000000,0.643
1749265133,0.62300000,1505.40000000,0.643
1749265133,0.62200000,1506.20000000,0.643
1749265133,0.62100000,901.90000000,0.643
1749265133,0.62000000,2121.90000000,0.643
1749265133,0.61900000,397.00000000,0.643
1749265133,0.61800000,417.40000000,0.643
1749265133,0.61700000,504.40000000,0.643
1749265133,0.61600000,72.20000000,0.643
1749265133,0.61500000,438.20000000,0.643
1749265133,0.61400000,493.30000000,0.643
1749265133,0.61300000,44.10000000,0.643
1749265133,0.61200000,163.30000000,0.643
1749265133,0.61100000,16444.40000000,0.643
1749265133,0.61000000,2287.80000000,0.643
1749265133,0.60900000,72.50000000,0.643
1749265133,0.60800000,42.30000000,0.643
1749265133,0.60700000,36.10000000,0.643
1749265133,0.60600000,15.80000000,0.643
1749265133,0.60500000,50.60000000,0.643
1749265133,0.60400000,15.80000000,0.643
1749265133,0.60300000,15.80000000,0.643
1749265133,0.60200000,46.70000000,0.643
1749265133,0.60100000,232.40000000,0.643
1749265133,0.60000000,5893.10000000,0.643
1749265133,0.59900000,32.30000000,0.643
1749265133,0.59800000,32.60000000,0.643
1749265133,0.59700000,45.20000000,0.643
1749265133,0.59600000,32.00000000,0.643
1749265133,0.59500000,24.30000000,0.643
1749265133,0.59400000,86.00000000,0.643
1749265133,0.59300000,89.10000000,0.643
1749265133,0.59200000,74.00000000,0.643
1749265133,0.59100000,15.80000000,0.643
1749265133,0.59000000,1376.00000000,0.643
1749265133,0.58900000,15.80000000,0.643
1749265133,0.58800000,1112.20000000,0.643
1749265133,0.58700000,46.30000000,0.643
1749265133,0.58600000,15.80000000,0.643
1749265133,0.58500000,470.80000000,0.643
1749265133,0.58400000,15.80000000,0.643
1749265133,0.58300000,58.60000000,0.643
1749265133,0.58200000,32.90000000,0.643
1749265133,0.58100000,77.30000000,0.643
1749265133,0.58000000,623.70000000,0.643
1749265133,0.57900000,26.10000000,0.643
1749265133,0.57800000,77.60000000,0.643
1749265133,0.57700000,294.20000000,0.643
1749265133,0.57600000,21.20000000,0.643
1749265133,0.57500000,18.30000000,0.643
1749265133,0.57400000,11.40000000,0.643
1749265133,0.57300000,10.20000000,0.643
1749265133,0.57000000,38.10000000,0.643
1749265133,0.56800000,8.90000000,0.643
1749265133,0.56700000,122.80000000,0.643
1749265133,0.56500000,509.00000000,0.643
1749265133,0.56400000,32.00000000,0.643
1749265133,0.56100000,262.60000000,0.643
1749265133,0.56000000,4433.40000000,0.643
1749265133,0.55900000,14.30000000,0.643
1749265133,0.55700000,13.60000000,0.643
1749265133,0.55600000,69.30000000,0.643
1749265133,0.55500000,32.50000000,0.643
1749265133,0.55400000,19.60000000,0.643
1749265133,0.55300000,104.00000000,0.643
1749265133,0.55200000,1288.60000000,0.643
1749265133,0.55100000,200.00000000,0.643
1749265133,0.55000000,2395.50000000,0.643
1749265133,0.54900000,36.40000000,0.643
1749265133,0.54800000,206.10000000,0.643
1749265133,0.54700000,193.60000000,0.643
1749265133,0.54500000,20.00000000,0.643
1749265133,0.54300000,211.20000000,0.643
1749265133,0.54200000,9.30000000,0.643
1749265133,0.54100000,10.90000000,0.643
1749265133,0.54000000,149.30000000,0.643
1749265133,0.53900000,15.30000000,0.643
1749265133,0.53700000,40.50000000,0.643
1749265133,0.53500000,9.50000000,0.643
1749265133,0.53400000,32.50000000,0.643
1749265133,0.53300000,15.00000000,0.643
1749265435,0.64300000,4314.80000000,0.643
1749265435,0.64200000,23567.50000000,0.643
1749265435,0.64100000,18932.70000000,0.643
1749265435,0.64000000,20898.60000000,0.643
1749265435,0.63900000,17377.40000000,0.643
1749265435,0.63800000,7491.20000000,0.643
1749265435,0.63700000,2035.40000000,0.643
1749265435,0.63600000,2391.90000000,0.643
1749265435,0.63500000,2613.00000000,0.643
1749265435,0.63400000,1935.20000000,0.643
1749265435,0.63300000,2049.30000000,0.643
1749265435,0.63200000,1616.70000000,0.643
1749265435,0.63100000,858.70000000,0.643
1749265435,0.63000000,498.80000000,0.643
1749265435,0.62900000,1123.90000000,0.643
1749265435,0.62800000,1232.20000000,0.643
1749265435,0.62700000,2022.00000000,0.643
1749265435,0.62600000,432.00000000,0.643
1749265435,0.62500000,867.20000000,0.643
1749265435,0.62400000,427.00000000,0.643
1749265435,0.62300000,1505.40000000,0.643
1749265435,0.62200000,1506.20000000,0.643
1749265435,0.62100000,901.90000000,0.643
1749265435,0.62000000,2121.90000000,0.643
1749265435,0.61900000,397.00000000,0.643
1749265435,0.61800000,417.40000000,0.643
1749265435,0.61700000,504.40000000,0.643
1749265435,0.61600000,72.20000000,0.643
1749265435,0.61500000,438.20000000,0.643
1749265435,0.61400000,141.10000000,0.643
1749265435,0.61300000,44.10000000,0.643
1749265435,0.61200000,367.20000000,0.643
1749265435,0.61100000,16444.40000000,0.643
1749265435,0.61000000,2287.80000000,0.643
1749265435,0.60900000,72.50000000,0.643
1749265435,0.60800000,42.30000000,0.643
1749265435,0.60700000,36.10000000,0.643
1749265435,0.60600000,15.80000000,0.643
1749265435,0.60500000,50.60000000,0.643
1749265435,0.60400000,15.80000000,0.643
1749265435,0.60300000,15.80000000,0.643
1749265435,0.60200000,46.70000000,0.643
1749265435,0.60100000,232.40000000,0.643
1749265435,0.60000000,5893.10000000,0.643
1749265435,0.59900000,32.30000000,0.643
1749265435,0.59800000,32.60000000,0.643
1749265435,0.59700000,45.20000000,0.643
1749265435,0.59600000,32.00000000,0.643
1749265435,0.59500000,24.30000000,0.643
1749265435,0.59400000,86.00000000,0.643
1749265435,0.59300000,89.10000000,0.643
1749265435,0.59200000,74.00000000,0.643
1749265435,0.59100000,15.80000000,0.643
1749265435,0.59000000,1376.00000000,0.643
1749265435,0.58900000,15.80000000,0.643
1749265435,0.58800000,1112.20000000,0.643
1749265435,0.58700000,46.30000000,0.643
1749265435,0.58600000,15.80000000,0.643
1749265435,0.58500000,470.80000000,0.643
1749265435,0.58400000,15.80000000,0.643
1749265435,0.58300000,58.60000000,0.643
1749265435,0.58200000,32.90000000,0.643
1749265435,0.58100000,77.30000000,0.643
1749265435,0.58000000,623.70000000,0.643
1749265435,0.57900000,26.10000000,0.643
1749265435,0.57800000,77.60000000,0.643
1749265435,0.57700000,294.20000000,0.643
1749265435,0.57600000,21.20000000,0.643
1749265435,0.57500000,18.30000000,0.643
1749265435,0.57400000,11.40000000,0.643
1749265435,0.57300000,10.20000000,0.643
1749265435,0.57000000,38.10000000,0.643
1749265435,0.56800000,8.90000000,0.643
1749265435,0.56700000,122.80000000,0.643
1749265435,0.56500000,509.00000000,0.643
1749265435,0.56400000,32.00000000,0.643
1749265435,0.56100000,262.60000000,0.643
1749265435,0.56000000,4433.40000000,0.643
1749265435,0.55900000,14.30000000,0.643
1749265435,0.55700000,13.60000000,0.643
1749265435,0.55600000,69.30000000,0.643
1749265435,0.55500000,32.50000000,0.643
1749265435,0.55400000,19.60000000,0.643
1749265435,0.55300000,104.00000000,0.643
1749265435,0.55200000,1288.60000000,0.643
1749265435,0.55100000,200.00000000,0.643
1749265435,0.55000000,2395.50000000,0.643
1749265435,0.54900000,36.40000000,0.643
1749265435,0.54800000,206.10000000,0.643
1749265435,0.54700000,193.60000000,0.643
1749265435,0.54500000,20.00000000,0.643
1749265435,0.54300000,211.20000000,0.643
1749265435,0.54200000,9.30000000,0.643
1749265435,0.54100000,10.90000000,0.643
1749265435,0.54000000,149.30000000,0.643
1749265435,0.53900000,15.30000000,0.643
1749265435,0.53700000,40.50000000,0.643
1749265435,0.53500000,9.50000000,0.643
1749265435,0.53400000,32.50000000,0.643
1749265435,0.53300000,15.00000000,0.643
1749265736,0.64300000,4439.00000000,0.643
1749265736,0.64200000,26153.00000000,0.643
1749265736,0.64100000,21328.30000000,0.643
1749265736,0.64000000,28107.70000000,0.643
1749265736,0.63900000,6938.00000000,0.643
1749265736,0.63800000,7755.90000000,0.643
1749265736,0.63700000,2500.90000000,0.643
1749265736,0.63600000,1769.50000000,0.643
1749265736,0.63500000,2613.00000000,0.643
1749265736,0.63400000,1935.20000000,0.643
1749265736,0.63300000,1409.50000000,0.643
1749265736,0.63200000,783.00000000,0.643
1749265736,0.63100000,858.70000000,0.643
1749265736,0.63000000,498.80000000,0.643
1749265736,0.62900000,1123.90000000,0.643
1749265736,0.62800000,1232.20000000,0.643
1749265736,0.62700000,392.00000000,0.643
1749265736,0.62600000,432.00000000,0.643
1749265736,0.62500000,867.20000000,0.643
1749265736,0.62400000,427.00000000,0.643
1749265736,0.62300000,1505.40000000,0.643
1749265736,0.62200000,1506.20000000,0.643
1749265736,0.62100000,901.90000000,0.643
1749265736,0.62000000,2121.90000000,0.643
1749265736,0.61900000,397.00000000,0.643
1749265736,0.61800000,417.40000000,0.643
1749265736,0.61700000,504.40000000,0.643
1749265736,0.61600000,72.20000000,0.643
1749265736,0.61500000,86.00000000,0.643
1749265736,0.61400000,493.30000000,0.643
1749265736,0.61300000,44.10000000,0.643
1749265736,0.61200000,63.00000000,0.643
1749265736,0.61100000,16444.40000000,0.643
1749265736,0.61000000,2287.80000000,0.643
1749265736,0.60900000,72.50000000,0.643
1749265736,0.60800000,42.30000000,0.643
1749265736,0.60700000,36.10000000,0.643
1749265736,0.60600000,15.80000000,0.643
1749265736,0.60500000,50.60000000,0.643
1749265736,0.60400000,15.80000000,0.643
1749265736,0.60300000,15.80000000,0.643
1749265736,0.60200000,46.70000000,0.643
1749265736,0.60100000,232.40000000,0.643
1749265736,0.60000000,5893.10000000,0.643
1749265736,0.59900000,32.30000000,0.643
1749265736,0.59800000,32.60000000,0.643
1749265736,0.59700000,45.20000000,0.643
1749265736,0.59600000,32.00000000,0.643
1749265736,0.59500000,24.30000000,0.643
1749265736,0.59400000,86.00000000,0.643
1749265736,0.59300000,89.10000000,0.643
1749265736,0.59200000,74.00000000,0.643
1749265736,0.59100000,15.80000000,0.643
1749265736,0.59000000,1376.00000000,0.643
1749265736,0.58900000,15.80000000,0.643
1749265736,0.58800000,1112.20000000,0.643
1749265736,0.58700000,46.30000000,0.643
1749265736,0.58600000,15.80000000,0.643
1749265736,0.58500000,470.80000000,0.643
1749265736,0.58400000,15.80000000,0.643
1749265736,0.58300000,58.60000000,0.643
1749265736,0.58200000,32.90000000,0.643
1749265736,0.58100000,77.30000000,0.643
1749265736,0.58000000,623.70000000,0.643
1749265736,0.57900000,26.10000000,0.643
1749265736,0.57800000,77.60000000,0.643
1749265736,0.57700000,294.20000000,0.643
1749265736,0.57600000,21.20000000,0.643
1749265736,0.57500000,18.30000000,0.643
1749265736,0.57400000,11.40000000,0.643
1749265736,0.57300000,10.20000000,0.643
1749265736,0.57000000,38.10000000,0.643
1749265736,0.56800000,8.90000000,0.643
1749265736,0.56700000,122.80000000,0.643
1749265736,0.56500000,509.00000000,0.643
1749265736,0.56400000,32.00000000,0.643
1749265736,0.56100000,262.60000000,0.643
1749265736,0.56000000,4433.40000000,0.643
1749265736,0.55900000,14.30000000,0.643
1749265736,0.55700000,13.60000000,0.643
1749265736,0.55600000,69.30000000,0.643
1749265736,0.55500000,32.50000000,0.643
1749265736,0.55400000,19.60000000,0.643
1749265736,0.55300000,104.00000000,0.643
1749265736,0.55200000,1288.60000000,0.643
1749265736,0.55100000,200.00000000,0.643
1749265736,0.55000000,2395.50000000,0.643
1749265736,0.54900000,36.40000000,0.643
1749265736,0.54800000,206.10000000,0.643
1749265736,0.54700000,193.60000000,0.643
1749265736,0.54500000,20.00000000,0.643
1749265736,0.54300000,211.20000000,0.643
1749265736,0.54200000,9.30000000,0.643
1749265736,0.54100000,10.90000000,0.643
1749265736,0.54000000,149.30000000,0.643
1749265736,0.53900000,15.30000000,0.643
1749265736,0.53700000,40.50000000,0.643
1749265736,0.53500000,9.50000000,0.643
1749265736,0.53400000,32.50000000,0.643
1749265736,0.53300000,15.00000000,0.643
1749266038,0.64500000,1261.90000000,0.645
1749266038,0.64400000,9715.70000000,0.645
1749266038,0.64300000,21070.70000000,0.645
1749266038,0.64200000,26973.40000000,0.645
1749266038,0.64100000,23397.20000000,0.645
1749266038,0.64000000,7505.90000000,0.645
1749266038,0.63900000,3135.70000000,0.645
1749266038,0.63800000,2796.40000000,0.645
1749266038,0.63700000,2035.40000000,0.645
1749266038,0.63600000,1769.50000000,0.645
1749266038,0.63500000,1897.20000000,0.645
1749266038,0.63400000,1296.40000000,0.645
1749266038,0.63300000,1021.30000000,0.645
1749266038,0.63200000,783.00000000,0.645
1749266038,0.63100000,1112.20000000,0.645
1749266038,0.63000000,498.80000000,0.645
1749266038,0.62900000,401.30000000,0.645
1749266038,0.62800000,1232.20000000,0.645
1749266038,0.62700000,392.00000000,0.645
1749266038,0.62600000,432.00000000,0.645
1749266038,0.62500000,867.20000000,0.645
1749266038,0.62400000,427.00000000,0.645
1749266038,0.62300000,1493.40000000,0.645
1749266038,0.62200000,1506.20000000,0.645
1749266038,0.62100000,901.90000000,0.645
1749266038,0.62000000,2121.90000000,0.645
1749266038,0.61900000,397.00000000,0.645
1749266038,0.61800000,417.40000000,0.645
1749266038,0.61700000,152.20000000,0.645
1749266038,0.61600000,72.20000000,0.645
1749266038,0.61500000,86.00000000,0.645
1749266038,0.61400000,141.10000000,0.645
1749266038,0.61300000,44.10000000,0.645
1749266038,0.61200000,162.50000000,0.645
1749266038,0.61100000,16444.40000000,0.645
1749266038,0.61000000,2287.80000000,0.645
1749266038,0.60900000,72.50000000,0.645
1749266038,0.60800000,42.30000000,0.645
1749266038,0.60700000,36.10000000,0.645
1749266038,0.60600000,15.80000000,0.645
1749266038,0.60500000,50.60000000,0.645
1749266038,0.60400000,15.80000000,0.645
1749266038,0.60300000,15.80000000,0.645
1749266038,0.60200000,46.70000000,0.645
1749266038,0.60100000,232.40000000,0.645
1749266038,0.60000000,5795.10000000,0.645
1749266038,0.59900000,32.30000000,0.645
1749266038,0.59800000,32.60000000,0.645
1749266038,0.59700000,45.20000000,0.645
1749266038,0.59600000,32.00000000,0.645
1749266038,0.59500000,24.30000000,0.645
1749266038,0.59400000,86.00000000,0.645
1749266038,0.59300000,89.10000000,0.645
1749266038,0.59200000,74.00000000,0.645
1749266038,0.59100000,15.80000000,0.645
1749266038,0.59000000,1376.00000000,0.645
1749266038,0.58900000,15.80000000,0.645
1749266038,0.58800000,1112.20000000,0.645
1749266038,0.58700000,46.30000000,0.645
1749266038,0.58600000,15.80000000,0.645
1749266038,0.58500000,470.80000000,0.645
1749266038,0.58400000,15.80000000,0.645
1749266038,0.58300000,58.60000000,0.645
1749266038,0.58200000,32.90000000,0.645
1749266038,0.58100000,77.30000000,0.645
1749266038,0.58000000,623.70000000,0.645
1749266038,0.57900000,48.30000000,0.645
1749266038,0.57800000,23.80000000,0.645
1749266038,0.57700000,294.20000000,0.645
1749266038,0.57600000,21.20000000,0.645
1749266038,0.57500000,18.30000000,0.645
1749266038,0.57400000,11.40000000,0.645
1749266038,0.57300000,10.20000000,0.645
1749266038,0.57000000,38.10000000,0.645
1749266038,0.56800000,8.90000000,0.645
1749266038,0.56700000,122.80000000,0.645
1749266038,0.56500000,509.00000000,0.645
1749266038,0.56400000,32.00000000,0.645
1749266038,0.56100000,262.60000000,0.645
1749266038,0.56000000,4433.40000000,0.645
1749266038,0.55900000,14.30000000,0.645
1749266038,0.55700000,13.60000000,0.645
1749266038,0.55600000,69.30000000,0.645
1749266038,0.55500000,32.50000000,0.645
1749266038,0.55400000,19.60000000,0.645
1749266038,0.55300000,104.00000000,0.645
1749266038,0.55200000,1288.60000000,0.645
1749266038,0.55100000,200.00000000,0.645
1749266038,0.55000000,2395.50000000,0.645
1749266038,0.54900000,36.40000000,0.645
1749266038,0.54800000,206.10000000,0.645
1749266038,0.54700000,193.60000000,0.645
1749266038,0.54500000,20.00000000,0.645
1749266038,0.54300000,211.20000000,0.645
1749266038,0.54200000,9.30000000,0.645
1749266038,0.54100000,10.90000000,0.645
1749266038,0.54000000,149.30000000,0.645
1749266038,0.53900000,15.30000000,0.645
1749266038,0.53700000,40.50000000,0.645
1749266038,0.53500000,9.50000000,0.645
1749266339,0.64300000,3924.30000000,0.646
1749266339,0.64200000,32477.70000000,0.646
1749266339,0.64100000,34251.50000000,0.646
1749266339,0.64000000,15823.90000000,0.646
1749266339,0.63900000,5442.80000000,0.646
1749266339,0.63800000,2330.90000000,0.646
1749266339,0.63700000,2700.00000000,0.646
1749266339,0.63600000,1769.50000000,0.646
1749266339,0.63500000,1694.60000000,0.646
1749266339,0.63400000,1296.40000000,0.646
1749266339,0.63300000,1021.30000000,0.646
1749266339,0.63200000,783.00000000,0.646
1749266339,0.63100000,1112.20000000,0.646
1749266339,0.63000000,498.80000000,0.646
1749266339,0.62900000,401.30000000,0.646
1749266339,0.62800000,1232.20000000,0.646
1749266339,0.62700000,392.00000000,0.646
1749266339,0.62600000,432.00000000,0.646
1749266339,0.62500000,867.20000000,0.646
1749266339,0.62400000,415.00000000,0.646
1749266339,0.62300000,1493.40000000,0.646
1749266339,0.62200000,1506.20000000,0.646
1749266339,0.62100000,902.80000000,0.646
1749266339,0.62000000,2121.90000000,0.646
1749266339,0.61900000,397.00000000,0.646
1749266339,0.61800000,417.40000000,0.646
1749266339,0.61700000,152.20000000,0.646
1749266339,0.61600000,424.40000000,0.646
1749266339,0.61500000,86.00000000,0.646
1749266339,0.61400000,141.10000000,0.646
1749266339,0.61300000,44.10000000,0.646
1749266339,0.61200000,63.00000000,0.646
1749266339,0.61100000,16444.40000000,0.646
1749266339,0.61000000,2287.80000000,0.646
1749266339,0.60900000,72.50000000,0.646
1749266339,0.60800000,42.30000000,0.646
1749266339,0.60700000,36.10000000,0.646
1749266339,0.60600000,15.80000000,0.646
1749266339,0.60500000,50.60000000,0.646
1749266339,0.60400000,15.80000000,0.646
1749266339,0.60300000,15.80000000,0.646
1749266339,0.60200000,46.70000000,0.646
1749266339,0.60100000,232.40000000,0.646
1749266339,0.60000000,5795.10000000,0.646
1749266339,0.59900000,32.30000000,0.646
1749266339,0.59800000,32.60000000,0.646
1749266339,0.59700000,45.20000000,0.646
1749266339,0.59600000,32.00000000,0.646
1749266339,0.59500000,24.30000000,0.646
1749266339,0.59400000,86.00000000,0.646
1749266339,0.59300000,89.10000000,0.646
1749266339,0.59200000,74.00000000,0.646
1749266339,0.59100000,15.80000000,0.646
1749266339,0.59000000,1376.00000000,0.646
1749266339,0.58900000,15.80000000,0.646
1749266339,0.58800000,1112.20000000,0.646
1749266339,0.58700000,46.30000000,0.646
1749266339,0.58600000,15.80000000,0.646
1749266339,0.58500000,470.80000000,0.646
1749266339,0.58400000,15.80000000,0.646
1749266339,0.58300000,58.60000000,0.646
1749266339,0.58200000,32.90000000,0.646
1749266339,0.58100000,77.30000000,0.646
1749266339,0.58000000,623.70000000,0.646
1749266339,0.57900000,63.80000000,0.646
1749266339,0.57800000,39.40000000,0.646
1749266339,0.57700000,294.20000000,0.646
1749266339,0.57600000,21.20000000,0.646
1749266339,0.57500000,18.30000000,0.646
1749266339,0.57400000,11.40000000,0.646
1749266339,0.57300000,10.20000000,0.646
1749266339,0.57000000,38.10000000,0.646
1749266339,0.56800000,8.90000000,0.646
1749266339,0.56700000,122.80000000,0.646
1749266339,0.56500000,509.00000000,0.646
1749266339,0.56400000,32.00000000,0.646
1749266339,0.56100000,262.60000000,0.646
1749266339,0.56000000,4433.40000000,0.646
1749266339,0.55900000,14.30000000,0.646
1749266339,0.55700000,13.60000000,0.646
1749266339,0.55600000,69.30000000,0.646
1749266339,0.55500000,32.50000000,0.646
1749266339,0.55400000,19.60000000,0.646
1749266339,0.55300000,104.00000000,0.646
1749266339,0.55200000,1288.60000000,0.646
1749266339,0.55100000,200.00000000,0.646
1749266339,0.55000000,2395.50000000,0.646
1749266339,0.54900000,36.40000000,0.646
1749266339,0.54800000,206.10000000,0.646
1749266339,0.54700000,193.60000000,0.646
1749266339,0.54500000,20.00000000,0.646
1749266339,0.54300000,211.20000000,0.646
1749266339,0.54200000,9.30000000,0.646
1749266339,0.54100000,10.90000000,0.646
1749266339,0.54000000,149.30000000,0.646
1749266339,0.53900000,15.30000000,0.646
1749266339,0.53700000,40.50000000,0.646
1749266339,0.53500000,9.50000000,0.646
1749266339,0.53400000,32.50000000,0.646
1749266339,0.53300000,15.00000000,0.646
1749266648,0.64400000,1721.50000000,0.644
1749266648,0.64300000,21077.60000000,0.644
1749266648,0.64200000,18908.40000000,0.644
1749266648,0.64100000,15788.20000000,0.644
1749266648,0.64000000,18669.20000000,0.644
1749266648,0.63900000,9267.40000000,0.644
1749266648,0.63800000,1618.50000000,0.644
1749266648,0.63700000,2700.00000000,0.644
1749266648,0.63600000,2484.20000000,0.644
1749266648,0.63500000,1694.60000000,0.644
1749266648,0.63400000,1296.40000000,0.644
1749266648,0.63300000,1021.30000000,0.644
1749266648,0.63200000,783.00000000,0.644
1749266648,0.63100000,1112.20000000,0.644
1749266648,0.63000000,498.80000000,0.644
1749266648,0.62900000,401.30000000,0.644
1749266648,0.62800000,1231.80000000,0.644
1749266648,0.62700000,2022.00000000,0.644
1749266648,0.62600000,432.00000000,0.644
1749266648,0.62500000,867.20000000,0.644
1749266648,0.62400000,415.00000000,0.644
1749266648,0.62300000,1493.40000000,0.644
1749266648,0.62200000,1506.20000000,0.644
1749266648,0.62100000,902.80000000,0.644
1749266648,0.62000000,2121.90000000,0.644
1749266648,0.61900000,397.00000000,0.644
1749266648,0.61800000,417.40000000,0.644
1749266648,0.61700000,152.20000000,0.644
1749266648,0.61600000,424.40000000,0.644
1749266648,0.61500000,86.00000000,0.644
1749266648,0.61400000,493.30000000,0.644
1749266648,0.61300000,44.10000000,0.644
1749266648,0.61200000,63.00000000,0.644
1749266648,0.61100000,16444.40000000,0.644
1749266648,0.61000000,2287.80000000,0.644
1749266648,0.60900000,72.50000000,0.644
1749266648,0.60800000,42.30000000,0.644
1749266648,0.60700000,36.10000000,0.644
1749266648,0.60600000,15.80000000,0.644
1749266648,0.60500000,50.60000000,0.644
1749266648,0.60400000,15.80000000,0.644
1749266648,0.60300000,15.80000000,0.644
1749266648,0.60200000,46.70000000,0.644
1749266648,0.60100000,232.40000000,0.644
1749266648,0.60000000,5795.10000000,0.644
1749266648,0.59900000,32.30000000,0.644
1749266648,0.59800000,32.60000000,0.644
1749266648,0.59700000,45.20000000,0.644
1749266648,0.59600000,32.00000000,0.644
1749266648,0.59500000,24.30000000,0.644
1749266648,0.59400000,86.00000000,0.644
1749266648,0.59300000,89.10000000,0.644
1749266648,0.59200000,74.00000000,0.644
1749266648,0.59100000,15.80000000,0.644
1749266648,0.59000000,1376.00000000,0.644
1749266648,0.58900000,15.80000000,0.644
1749266648,0.58800000,1112.20000000,0.644
1749266648,0.58700000,46.30000000,0.644
1749266648,0.58600000,15.80000000,0.644
1749266648,0.58500000,470.80000000,0.644
1749266648,0.58400000,15.80000000,0.644
1749266648,0.58300000,58.60000000,0.644
1749266648,0.58200000,32.90000000,0.644
1749266648,0.58100000,77.30000000,0.644
1749266648,0.58000000,623.70000000,0.644
1749266648,0.57900000,63.80000000,0.644
1749266648,0.57800000,23.80000000,0.644
1749266648,0.57700000,294.20000000,0.644
1749266648,0.57600000,21.20000000,0.644
1749266648,0.57500000,18.30000000,0.644
1749266648,0.57400000,11.40000000,0.644
1749266648,0.57300000,10.20000000,0.644
1749266648,0.57000000,38.10000000,0.644
1749266648,0.56800000,8.90000000,0.644
1749266648,0.56700000,122.80000000,0.644
1749266648,0.56500000,509.00000000,0.644
1749266648,0.56400000,32.00000000,0.644
1749266648,0.56100000,262.60000000,0.644
1749266648,0.56000000,4433.40000000,0.644
1749266648,0.55900000,14.30000000,0.644
1749266648,0.55700000,13.60000000,0.644
1749266648,0.55600000,69.30000000,0.644
1749266648,0.55500000,32.50000000,0.644
1749266648,0.55400000,19.60000000,0.644
1749266648,0.55300000,104.00000000,0.644
1749266648,0.55200000,1288.60000000,0.644
1749266648,0.55100000,200.00000000,0.644
1749266648,0.55000000,2395.50000000,0.644
1749266648,0.54900000,36.40000000,0.644
1749266648,0.54800000,206.10000000,0.644
1749266648,0.54700000,193.60000000,0.644
1749266648,0.54500000,20.00000000,0.644
1749266648,0.54300000,211.20000000,0.644
1749266648,0.54200000,9.30000000,0.644
1749266648,0.54100000,10.90000000,0.644
1749266648,0.54000000,149.30000000,0.644
1749266648,0.53900000,15.30000000,0.644
1749266648,0.53700000,40.50000000,0.644
1749266648,0.53500000,9.50000000,0.644
1749266648,0.53400000,32.50000000,0.644
1749266950,0.64300000,4216.10000000,0.643
1749266950,0.64200000,30680.50000000,0.643
1749266950,0.64100000,26649.60000000,0.643
1749266950,0.64000000,24999.60000000,0.643
1749266950,0.63900000,4548.90000000,0.643
1749266950,0.63800000,2330.90000000,0.643
1749266950,0.63700000,2386.80000000,0.643
1749266950,0.63600000,3645.10000000,0.643
1749266950,0.63500000,1694.60000000,0.643
1749266950,0.63400000,3183.80000000,0.643
1749266950,0.63300000,1021.30000000,0.643
1749266950,0.63200000,783.00000000,0.643
1749266950,0.63100000,1112.20000000,0.643
1749266950,0.63000000,498.80000000,0.643
1749266950,0.62900000,401.30000000,0.643
1749266950,0.62800000,1231.80000000,0.643
1749266950,0.62700000,392.00000000,0.643
1749266950,0.62600000,432.00000000,0.643
1749266950,0.62500000,867.20000000,0.643
1749266950,0.62400000,415.00000000,0.643
1749266950,0.62300000,1493.40000000,0.643
1749266950,0.62200000,1506.20000000,0.643
1749266950,0.62100000,902.80000000,0.643
1749266950,0.62000000,2121.90000000,0.643
1749266950,0.61900000,397.00000000,0.643
1749266950,0.61800000,417.40000000,0.643
1749266950,0.61700000,152.20000000,0.643
1749266950,0.61600000,424.40000000,0.643
1749266950,0.61500000,86.00000000,0.643
1749266950,0.61400000,493.30000000,0.643
1749266950,0.61300000,44.10000000,0.643
1749266950,0.61200000,373.10000000,0.643
1749266950,0.61100000,16444.40000000,0.643
1749266950,0.61000000,2287.80000000,0.643
1749266950,0.60900000,72.50000000,0.643
1749266950,0.60800000,42.30000000,0.643
1749266950,0.60700000,36.10000000,0.643
1749266950,0.60600000,15.80000000,0.643
1749266950,0.60500000,50.60000000,0.643
1749266950,0.60400000,15.80000000,0.643
1749266950,0.60300000,15.80000000,0.643
1749266950,0.60200000,46.70000000,0.643
1749266950,0.60100000,232.40000000,0.643
1749266950,0.60000000,5795.10000000,0.643
1749266950,0.59900000,32.30000000,0.643
1749266950,0.59800000,32.60000000,0.643
1749266950,0.59700000,45.20000000,0.643
1749266950,0.59600000,32.00000000,0.643
1749266950,0.59500000,24.30000000,0.643
1749266950,0.59400000,86.00000000,0.643
1749266950,0.59300000,89.10000000,0.643
1749266950,0.59200000,74.00000000,0.643
1749266950,0.59100000,15.80000000,0.643
1749266950,0.59000000,1376.00000000,0.643
1749266950,0.58900000,15.80000000,0.643
1749266950,0.58800000,1112.20000000,0.643
1749266950,0.58700000,46.30000000,0.643
1749266950,0.58600000,15.80000000,0.643
1749266950,0.58500000,470.80000000,0.643
1749266950,0.58400000,15.80000000,0.643
1749266950,0.58300000,58.60000000,0.643
1749266950,0.58200000,32.90000000,0.643
1749266950,0.58100000,77.30000000,0.643
1749266950,0.58000000,661.70000000,0.643
1749266950,0.57900000,25.80000000,0.643
1749266950,0.57800000,39.40000000,0.643
1749266950,0.57700000,294.20000000,0.643
1749266950,0.57600000,21.20000000,0.643
1749266950,0.57500000,18.30000000,0.643
1749266950,0.57400000,11.40000000,0.643
1749266950,0.57300000,10.20000000,0.643
1749266950,0.57000000,38.10000000,0.643
1749266950,0.56800000,8.90000000,0.643
1749266950,0.56700000,122.80000000,0.643
1749266950,0.56500000,509.00000000,0.643
1749266950,0.56400000,32.00000000,0.643
1749266950,0.56100000,262.60000000,0.643
1749266950,0.56000000,4433.40000000,0.643
1749266950,0.55900000,14.30000000,0.643
1749266950,0.55700000,13.60000000,0.643
1749266950,0.55600000,69.30000000,0.643
1749266950,0.55500000,32.50000000,0.643
1749266950,0.55400000,19.60000000,0.643
1749266950,0.55300000,104.00000000,0.643
1749266950,0.55200000,1288.60000000,0.643
1749266950,0.55100000,200.00000000,0.643
1749266950,0.55000000,2395.50000000,0.643
1749266950,0.54900000,36.40000000,0.643
1749266950,0.54800000,206.10000000,0.643
1749266950,0.54700000,193.60000000,0.643
1749266950,0.54500000,20.00000000,0.643
1749266950,0.54300000,211.20000000,0.643
1749266950,0.54200000,9.30000000,0.643
1749266950,0.54100000,10.90000000,0.643
1749266950,0.54000000,149.30000000,0.643
1749266950,0.53900000,15.30000000,0.643
1749266950,0.53700000,40.50000000,0.643
1749266950,0.53500000,9.50000000,0.643
1749266950,0.53400000,32.50000000,0.643
1749266950,0.53300000,15.00000000,0.643
1749267251,0.64200000,8014.50000000,0.643
1749267251,0.64100000,30780.40000000,0.643
1749267251,0.64000000,22141.10000000,0.643
1749267251,0.63900000,29737.00000000,0.643
1749267251,0.63800000,10257.00000000,0.643
1749267251,0.63700000,1722.20000000,0.643
1749267251,0.63600000,2946.80000000,0.643
1749267251,0.63500000,2684.90000000,0.643
1749267251,0.63400000,1296.40000000,0.643
1749267251,0.63300000,1021.30000000,0.643
1749267251,0.63200000,783.00000000,0.643
1749267251,0.63100000,1112.20000000,0.643
1749267251,0.63000000,508.30000000,0.643
1749267251,0.62900000,401.30000000,0.643
1749267251,0.62800000,1231.80000000,0.643
1749267251,0.62700000,392.00000000,0.643
1749267251,0.62600000,432.00000000,0.643
1749267251,0.62500000,867.20000000,0.643
1749267251,0.62400000,415.00000000,0.643
1749267251,0.62300000,1493.40000000,0.643
1749267251,0.62200000,1506.20000000,0.643
1749267251,0.62100000,902.80000000,0.643
1749267251,0.62000000,2121.90000000,0.643
1749267251,0.61900000,397.00000000,0.643
1749267251,0.61800000,417.40000000,0.643
1749267251,0.61700000,165.20000000,0.643
1749267251,0.61600000,424.40000000,0.643
1749267251,0.61500000,86.00000000,0.643
1749267251,0.61400000,493.30000000,0.643
1749267251,0.61300000,44.10000000,0.643
1749267251,0.61200000,235.10000000,0.643
1749267251,0.61100000,16444.40000000,0.643
1749267251,0.61000000,2287.80000000,0.643
1749267251,0.60900000,72.50000000,0.643
1749267251,0.60800000,42.30000000,0.643
1749267251,0.60700000,36.10000000,0.643
1749267251,0.60600000,15.80000000,0.643
1749267251,0.60500000,50.60000000,0.643
1749267251,0.60400000,32.40000000,0.643
1749267251,0.60300000,15.80000000,0.643
1749267251,0.60200000,46.70000000,0.643
1749267251,0.60100000,232.40000000,0.643
1749267251,0.60000000,5795.10000000,0.643
1749267251,0.59900000,32.30000000,0.643
1749267251,0.59800000,32.60000000,0.643
1749267251,0.59700000,45.20000000,0.643
1749267251,0.59600000,32.00000000,0.643
1749267251,0.59500000,24.30000000,0.643
1749267251,0.59400000,86.00000000,0.643
1749267251,0.59300000,89.10000000,0.643
1749267251,0.59200000,74.00000000,0.643
1749267251,0.59100000,15.80000000,0.643
1749267251,0.59000000,1376.00000000,0.643
1749267251,0.58900000,15.80000000,0.643
1749267251,0.58800000,1112.20000000,0.643
1749267251,0.58700000,46.30000000,0.643
1749267251,0.58600000,15.80000000,0.643
1749267251,0.58500000,470.80000000,0.643
1749267251,0.58400000,15.80000000,0.643
1749267251,0.58300000,58.60000000,0.643
1749267251,0.58200000,32.90000000,0.643
1749267251,0.58100000,77.30000000,0.643
1749267251,0.58000000,661.70000000,0.643
1749267251,0.57900000,25.80000000,0.643
1749267251,0.57800000,39.40000000,0.643
1749267251,0.57700000,309.80000000,0.643
1749267251,0.57600000,21.20000000,0.643
1749267251,0.57500000,18.30000000,0.643
1749267251,0.57400000,11.40000000,0.643
1749267251,0.57300000,10.20000000,0.643
1749267251,0.57000000,38.10000000,0.643
1749267251,0.56800000,8.90000000,0.643
1749267251,0.56700000,122.80000000,0.643
1749267251,0.56500000,509.00000000,0.643
1749267251,0.56400000,32.00000000,0.643
1749267251,0.56100000,262.60000000,0.643
1749267251,0.56000000,4433.40000000,0.643
1749267251,0.55900000,14.30000000,0.643
1749267251,0.55700000,13.60000000,0.643
1749267251,0.55600000,69.30000000,0.643
1749267251,0.55500000,32.50000000,0.643
1749267251,0.55400000,19.60000000,0.643
1749267251,0.55300000,104.00000000,0.643
1749267251,0.55200000,1288.60000000,0.643
1749267251,0.55100000,200.00000000,0.643
1749267251,0.55000000,2395.50000000,0.643
1749267251,0.54900000,36.40000000,0.643
1749267251,0.54800000,206.10000000,0.643
1749267251,0.54700000,193.60000000,0.643
1749267251,0.54500000,20.00000000,0.643
1749267251,0.54300000,211.20000000,0.643
1749267251,0.54200000,9.30000000,0.643
1749267251,0.54100000,10.90000000,0.643
1749267251,0.54000000,149.30000000,0.643
1749267251,0.53900000,15.30000000,0.643
1749267251,0.53700000,40.50000000,0.643
1749267251,0.53500000,9.50000000,0.643
1749267251,0.53400000,32.50000000,0.643
1749267251,0.53300000,15.00000000,0.643
1749267251,0.53200000,189.10000000,0.643
1749267553,0.64300000,6860.30000000,0.643
1749267553,0.64200000,28304.60000000,0.643
1749267553,0.64100000,20915.20000000,0.643
1749267553,0.64000000,25254.90000000,0.643
1749267553,0.63900000,10835.00000000,0.643
1749267553,0.63800000,10257.00000000,0.643
1749267553,0.63700000,2187.70000000,0.643
1749267553,0.63600000,4359.80000000,0.643
1749267553,0.63500000,2684.90000000,0.643
1749267553,0.63400000,3183.80000000,0.643
1749267553,0.63300000,1021.30000000,0.643
1749267553,0.63200000,783.00000000,0.643
1749267553,0.63100000,1112.20000000,0.643
1749267553,0.63000000,508.30000000,0.643
1749267553,0.62900000,402.30000000,0.643
1749267553,0.62800000,1231.80000000,0.643
1749267553,0.62700000,392.00000000,0.643
1749267553,0.62600000,432.00000000,0.643
1749267553,0.62500000,867.20000000,0.643
1749267553,0.62400000,415.00000000,0.643
1749267553,0.62300000,1493.40000000,0.643
1749267553,0.62200000,1506.20000000,0.643
1749267553,0.62100000,902.80000000,0.643
1749267553,0.62000000,2121.90000000,0.643
1749267553,0.61900000,397.00000000,0.643
1749267553,0.61800000,417.40000000,0.643
1749267553,0.61700000,165.20000000,0.643
1749267553,0.61600000,424.40000000,0.643
1749267553,0.61500000,86.00000000,0.643
1749267553,0.61400000,493.30000000,0.643
1749267553,0.61300000,44.10000000,0.643
1749267553,0.61200000,63.00000000,0.643
1749267553,0.61100000,16444.40000000,0.643
1749267553,0.61000000,2287.80000000,0.643
1749267553,0.60900000,72.50000000,0.643
1749267553,0.60800000,42.30000000,0.643
1749267553,0.60700000,36.10000000,0.643
1749267553,0.60600000,15.80000000,0.643
1749267553,0.60500000,50.60000000,0.643
1749267553,0.60400000,32.40000000,0.643
1749267553,0.60300000,15.80000000,0.643
1749267553,0.60200000,46.70000000,0.643
1749267553,0.60100000,232.40000000,0.643
1749267553,0.60000000,5795.10000000,0.643
1749267553,0.59900000,32.30000000,0.643
1749267553,0.59800000,32.60000000,0.643
1749267553,0.59700000,45.20000000,0.643
1749267553,0.59600000,32.00000000,0.643
1749267553,0.59500000,24.30000000,0.643
1749267553,0.59400000,86.00000000,0.643
1749267553,0.59300000,89.10000000,0.643
1749267553,0.59200000,74.00000000,0.643
1749267553,0.59100000,15.80000000,0.643
1749267553,0.59000000,1376.00000000,0.643
1749267553,0.58900000,15.80000000,0.643
1749267553,0.58800000,1112.20000000,0.643
1749267553,0.58700000,46.30000000,0.643
1749267553,0.58600000,15.80000000,0.643
1749267553,0.58500000,470.80000000,0.643
1749267553,0.58400000,15.80000000,0.643
1749267553,0.58300000,58.60000000,0.643
1749267553,0.58200000,32.90000000,0.643
1749267553,0.58100000,77.30000000,0.643
1749267553,0.58000000,623.70000000,0.643
1749267553,0.57900000,63.80000000,0.643
1749267553,0.57800000,39.40000000,0.643
1749267553,0.57700000,294.20000000,0.643
1749267553,0.57600000,21.20000000,0.643
1749267553,0.57500000,18.30000000,0.643
1749267553,0.57400000,11.40000000,0.643
1749267553,0.57300000,10.20000000,0.643
1749267553,0.57000000,38.10000000,0.643
1749267553,0.56800000,8.90000000,0.643
1749267553,0.56700000,122.80000000,0.643
1749267553,0.56500000,509.00000000,0.643
1749267553,0.56400000,32.00000000,0.643
1749267553,0.56100000,262.60000000,0.643
1749267553,0.56000000,4433.40000000,0.643
1749267553,0.55900000,14.30000000,0.643
1749267553,0.55700000,13.60000000,0.643
1749267553,0.55600000,69.30000000,0.643
1749267553,0.55500000,32.50000000,0.643
1749267553,0.55400000,19.60000000,0.643
1749267553,0.55300000,104.00000000,0.643
1749267553,0.55200000,1288.60000000,0.643
1749267553,0.55100000,200.00000000,0.643
1749267553,0.55000000,2395.50000000,0.643
1749267553,0.54900000,36.40000000,0.643
1749267553,0.54800000,206.10000000,0.643
1749267553,0.54700000,193.60000000,0.643
1749267553,0.54500000,20.00000000,0.643
1749267553,0.54300000,211.20000000,0.643
1749267553,0.54200000,9.30000000,0.643
1749267553,0.54100000,10.90000000,0.643
1749267553,0.54000000,149.30000000,0.643
1749267553,0.53900000,15.30000000,0.643
1749267553,0.53700000,40.50000000,0.643
1749267553,0.53500000,9.50000000,0.643
1749267553,0.53400000,32.50000000,0.643
1749267553,0.53300000,15.00000000,0.643
1749267854,0.64400000,7529.70000000,0.644
1749267854,0.64300000,22974.10000000,0.644
1749267854,0.64200000,34462.60000000,0.644
1749267854,0.64100000,22255.90000000,0.644
1749267854,0.64000000,9039.90000000,0.644
1749267854,0.63900000,6307.20000000,0.644
1749267854,0.63800000,2796.40000000,0.644
1749267854,0.63700000,1722.20000000,0.644
1749267854,0.63600000,3645.10000000,0.644
1749267854,0.63500000,2684.90000000,0.644
1749267854,0.63400000,3183.80000000,0.644
1749267854,0.63300000,1021.30000000,0.644
1749267854,0.63200000,783.00000000,0.644
1749267854,0.63100000,1112.20000000,0.644
1749267854,0.63000000,508.30000000,0.644
1749267854,0.62900000,402.30000000,0.644
1749267854,0.62800000,1231.80000000,0.644
1749267854,0.62700000,392.00000000,0.644
1749267854,0.62600000,432.00000000,0.644
1749267854,0.62500000,867.20000000,0.644
1749267854,0.62400000,415.00000000,0.644
1749267854,0.62300000,1493.40000000,0.644
1749267854,0.62200000,1506.20000000,0.644
1749267854,0.62100000,902.80000000,0.644
1749267854,0.62000000,2121.90000000,0.644
1749267854,0.61900000,397.00000000,0.644
1749267854,0.61800000,417.40000000,0.644
1749267854,0.61700000,165.20000000,0.644
1749267854,0.61600000,424.40000000,0.644
1749267854,0.61500000,86.00000000,0.644
1749267854,0.61400000,493.30000000,0.644
1749267854,0.61300000,44.10000000,0.644
1749267854,0.61200000,63.00000000,0.644
1749267854,0.61100000,16444.40000000,0.644
1749267854,0.61000000,2287.80000000,0.644
1749267854,0.60900000,72.50000000,0.644
1749267854,0.60800000,42.30000000,0.644
1749267854,0.60700000,36.10000000,0.644
1749267854,0.60600000,15.80000000,0.644
1749267854,0.60500000,50.60000000,0.644
1749267854,0.60400000,32.40000000,0.644
1749267854,0.60300000,15.80000000,0.644
1749267854,0.60200000,46.70000000,0.644
1749267854,0.60100000,232.40000000,0.644
1749267854,0.60000000,5795.10000000,0.644
1749267854,0.59900000,32.30000000,0.644
1749267854,0.59800000,32.60000000,0.644
1749267854,0.59700000,45.20000000,0.644
1749267854,0.59600000,32.00000000,0.644
1749267854,0.59500000,24.30000000,0.644
1749267854,0.59400000,86.00000000,0.644
1749267854,0.59300000,89.10000000,0.644
1749267854,0.59200000,74.00000000,0.644
1749267854,0.59100000,15.80000000,0.644
1749267854,0.59000000,1376.00000000,0.644
1749267854,0.58900000,15.80000000,0.644
1749267854,0.58800000,1112.20000000,0.644
1749267854,0.58700000,46.30000000,0.644
1749267854,0.58600000,15.80000000,0.644
1749267854,0.58500000,470.80000000,0.644
1749267854,0.58400000,15.80000000,0.644
1749267854,0.58300000,58.60000000,0.644
1749267854,0.58200000,32.90000000,0.644
1749267854,0.58100000,77.30000000,0.644
1749267854,0.58000000,623.70000000,0.644
1749267854,0.57900000,63.80000000,0.644
1749267854,0.57800000,23.80000000,0.644
1749267854,0.57700000,294.20000000,0.644
1749267854,0.57600000,21.20000000,0.644
1749267854,0.57500000,18.30000000,0.644
1749267854,0.57400000,11.40000000,0.644
1749267854,0.57300000,10.20000000,0.644
1749267854,0.57000000,38.10000000,0.644
1749267854,0.56800000,8.90000000,0.644
1749267854,0.56700000,122.80000000,0.644
1749267854,0.56500000,509.00000000,0.644
1749267854,0.56400000,32.00000000,0.644
1749267854,0.56100000,262.60000000,0.644
1749267854,0.56000000,4433.40000000,0.644
1749267854,0.55900000,14.30000000,0.644
1749267854,0.55700000,13.60000000,0.644
1749267854,0.55600000,69.30000000,0.644
1749267854,0.55500000,32.50000000,0.644
1749267854,0.55400000,19.60000000,0.644
1749267854,0.55300000,104.00000000,0.644
1749267854,0.55200000,1288.60000000,0.644
1749267854,0.55100000,200.00000000,0.644
1749267854,0.55000000,2395.50000000,0.644
1749267854,0.54900000,36.40000000,0.644
1749267854,0.54800000,206.10000000,0.644
1749267854,0.54700000,193.60000000,0.644
1749267854,0.54500000,20.00000000,0.644
1749267854,0.54300000,211.20000000,0.644
1749267854,0.54200000,9.30000000,0.644
1749267854,0.54100000,10.90000000,0.644
1749267854,0.54000000,149.30000000,0.644
1749267854,0.53900000,15.30000000,0.644
1749267854,0.53700000,40.50000000,0.644
1749267854,0.53500000,9.50000000,0.644
1749267854,0.53400000,32.50000000,0.644
