timestamp,price,volume,current_price
1749254559,147.61000000,83.11800000,147.62
1749254559,147.60000000,106.36000000,147.62
1749254559,147.59000000,162.99800000,147.62
1749254559,147.58000000,137.57000000,147.62
1749254559,147.57000000,448.56400000,147.62
1749254559,147.56000000,394.36300000,147.62
1749254559,147.55000000,429.93000000,147.62
1749254559,147.54000000,476.58700000,147.62
1749254559,147.53000000,726.04800000,147.62
1749254559,147.52000000,321.28400000,147.62
1749254559,147.51000000,542.18500000,147.62
1749254559,147.50000000,599.50100000,147.62
1749254559,147.49000000,325.40400000,147.62
1749254559,147.48000000,379.74500000,147.62
1749254559,147.47000000,568.31400000,147.62
1749254559,147.46000000,576.24000000,147.62
1749254559,147.45000000,1055.61100000,147.62
1749254559,147.44000000,768.00300000,147.62
1749254559,147.43000000,754.67000000,147.62
1749254559,147.42000000,898.49500000,147.62
1749254559,147.41000000,796.55300000,147.62
1749254559,147.40000000,717.03200000,147.62
1749254559,147.39000000,609.02100000,147.62
1749254559,147.38000000,1004.97400000,147.62
1749254559,147.37000000,277.96800000,147.62
1749254559,147.36000000,468.10000000,147.62
1749254559,147.35000000,768.98000000,147.62
1749254559,147.34000000,119.12400000,147.62
1749254559,147.33000000,112.68600000,147.62
1749254559,147.32000000,102.59400000,147.62
1749254559,147.31000000,132.94000000,147.62
1749254559,147.30000000,96.13500000,147.62
1749254559,147.29000000,93.73900000,147.62
1749254559,147.28000000,61.81900000,147.62
1749254559,147.27000000,147.25100000,147.62
1749254559,147.26000000,358.39700000,147.62
1749254559,147.25000000,83.08300000,147.62
1749254559,147.24000000,165.18500000,147.62
1749254559,147.23000000,94.63600000,147.62
1749254559,147.22000000,61.72800000,147.62
1749254559,147.21000000,193.31100000,147.62
1749254559,147.20000000,66.41700000,147.62
1749254559,147.19000000,91.96200000,147.62
1749254559,147.18000000,15.58900000,147.62
1749254559,147.17000000,37.32600000,147.62
1749254559,147.16000000,1.42000000,147.62
1749254559,147.15000000,207.57000000,147.62
1749254559,147.14000000,666.24300000,147.62
1749254559,147.13000000,37.91800000,147.62
1749254559,147.12000000,72.23300000,147.62
1749254559,147.11000000,72.33200000,147.62
1749254559,147.10000000,745.66500000,147.62
1749254559,147.09000000,34.59200000,147.62
1749254559,147.08000000,715.47000000,147.62
1749254559,147.07000000,34.28800000,147.62
1749254559,147.06000000,0.69700000,147.62
1749254559,147.05000000,76.02200000,147.62
1749254559,147.04000000,36.10000000,147.62
1749254559,147.03000000,951.36800000,147.62
1749254559,147.02000000,5.68400000,147.62
1749254559,147.01000000,41.60500000,147.62
1749254559,147.00000000,389.70700000,147.62
1749254559,146.99000000,33.93600000,147.62
1749254559,146.98000000,14.89100000,147.62
1749254559,146.97000000,63.60500000,147.62
1749254559,146.96000000,0.71800000,147.62
1749254559,146.95000000,37.36700000,147.62
1749254559,146.94000000,792.40600000,147.62
1749254559,146.93000000,34.19500000,147.62
1749254559,146.92000000,1201.68000000,147.62
1749254559,146.91000000,63.66200000,147.62
1749254559,146.90000000,2.86600000,147.62
1749254559,146.89000000,1.29100000,147.62
1749254559,146.88000000,6.49500000,147.62
1749254559,146.87000000,65.18100000,147.62
1749254559,146.86000000,0.78400000,147.62
1749254559,146.85000000,6.47600000,147.62
1749254559,146.84000000,28.77900000,147.62
1749254559,146.83000000,1557.75300000,147.62
1749254559,146.82000000,793.63100000,147.62
1749254559,146.81000000,168.60700000,147.62
1749254559,146.80000000,764.41000000,147.62
1749254559,146.79000000,36.11300000,147.62
1749254559,146.78000000,105.26400000,147.62
1749254559,146.77000000,2.70600000,147.62
1749254559,146.76000000,3.41800000,147.62
1749254559,146.75000000,7.29200000,147.62
1749254559,146.74000000,58.35100000,147.62
1749254559,146.73000000,296.06100000,147.62
1749254559,146.72000000,1.12700000,147.62
1749254559,146.71000000,2.94200000,147.62
1749254559,146.70000000,2.68300000,147.62
1749254559,146.69000000,260.55700000,147.62
1749254559,146.68000000,14.85900000,147.62
1749254559,146.67000000,1.50300000,147.62
1749254559,146.66000000,18.70400000,147.62
1749254559,146.65000000,2.19800000,147.62
1749254559,146.64000000,238.74300000,147.62
1749254559,146.63000000,6.50400000,147.62
1749254559,146.62000000,35.45000000,147.62
1749254871,147.50000000,372.91300000,147.51
1749254871,147.49000000,61.96000000,147.51
1749254871,147.48000000,223.64000000,147.51
1749254871,147.47000000,647.45600000,147.51
1749254871,147.46000000,308.74700000,147.51
1749254871,147.45000000,649.73900000,147.51
1749254871,147.44000000,877.38100000,147.51
1749254871,147.43000000,246.18100000,147.51
1749254871,147.42000000,201.12600000,147.51
1749254871,147.41000000,577.91700000,147.51
1749254871,147.40000000,672.20200000,147.51
1749254871,147.39000000,632.93300000,147.51
1749254871,147.38000000,194.36300000,147.51
1749254871,147.37000000,365.17600000,147.51
1749254871,147.36000000,683.03400000,147.51
1749254871,147.35000000,414.17900000,147.51
1749254871,147.34000000,300.68700000,147.51
1749254871,147.33000000,485.10800000,147.51
1749254871,147.32000000,569.24400000,147.51
1749254871,147.31000000,820.75000000,147.51
1749254871,147.30000000,535.27500000,147.51
1749254871,147.29000000,291.33700000,147.51
1749254871,147.28000000,397.60900000,147.51
1749254871,147.27000000,348.97000000,147.51
1749254871,147.26000000,194.07400000,147.51
1749254871,147.25000000,160.33500000,147.51
1749254871,147.24000000,582.60100000,147.51
1749254871,147.23000000,1358.62100000,147.51
1749254871,147.22000000,260.64600000,147.51
1749254871,147.21000000,223.29300000,147.51
1749254871,147.20000000,776.93100000,147.51
1749254871,147.19000000,2434.88600000,147.51
1749254871,147.18000000,256.50600000,147.51
1749254871,147.17000000,1096.04700000,147.51
1749254871,147.16000000,59.80700000,147.51
1749254871,147.15000000,264.10100000,147.51
1749254871,147.14000000,116.06500000,147.51
1749254871,147.13000000,117.27200000,147.51
1749254871,147.12000000,130.13700000,147.51
1749254871,147.11000000,133.52700000,147.51
1749254871,147.10000000,803.56900000,147.51
1749254871,147.09000000,96.13800000,147.51
1749254871,147.08000000,59.14300000,147.51
1749254871,147.07000000,34.28800000,147.51
1749254871,147.06000000,0.52800000,147.51
1749254871,147.05000000,176.83900000,147.51
1749254871,147.04000000,36.10000000,147.51
1749254871,147.03000000,951.36800000,147.51
1749254871,147.02000000,5.68400000,147.51
1749254871,147.01000000,42.10500000,147.51
1749254871,147.00000000,374.49200000,147.51
1749254871,146.99000000,37.38400000,147.51
1749254871,146.98000000,624.93100000,147.51
1749254871,146.97000000,34.77300000,147.51
1749254871,146.96000000,0.71800000,147.51
1749254871,146.95000000,697.36700000,147.51
1749254871,146.94000000,862.67300000,147.51
1749254871,146.93000000,34.19500000,147.51
1749254871,146.92000000,1196.40600000,147.51
1749254871,146.91000000,33.46300000,147.51
1749254871,146.90000000,2.86600000,147.51
1749254871,146.89000000,1.29100000,147.51
1749254871,146.88000000,77.57300000,147.51
1749254871,146.87000000,65.18100000,147.51
1749254871,146.86000000,28.02100000,147.51
1749254871,146.85000000,39.84400000,147.51
1749254871,146.84000000,29.30200000,147.51
1749254871,146.83000000,10.63500000,147.51
1749254871,146.82000000,1.69900000,147.51
1749254871,146.81000000,37.46500000,147.51
1749254871,146.80000000,764.51600000,147.51
1749254871,146.79000000,43.48600000,147.51
1749254871,146.78000000,105.33200000,147.51
1749254871,146.77000000,36.07400000,147.51
1749254871,146.76000000,3.48600000,147.51
1749254871,146.75000000,99.57900000,147.51
1749254871,146.74000000,224.22400000,147.51
1749254871,146.73000000,331.14400000,147.51
1749254871,146.72000000,1.16500000,147.51
1749254871,146.71000000,36.24200000,147.51
1749254871,146.70000000,2.51400000,147.51
1749254871,146.69000000,34.47500000,147.51
1749254871,146.68000000,806.85900000,147.51
1749254871,146.67000000,1.50300000,147.51
1749254871,146.66000000,18.70400000,147.51
1749254871,146.65000000,2.19800000,147.51
1749254871,146.64000000,238.74300000,147.51
1749254871,146.63000000,2.66100000,147.51
1749254871,146.62000000,11.96100000,147.51
1749254871,146.61000000,1.67200000,147.51
1749254871,146.60000000,14.36700000,147.51
1749254871,146.59000000,4.28200000,147.51
1749254871,146.58000000,32.83500000,147.51
1749254871,146.57000000,1552.73500000,147.51
1749254871,146.56000000,265.54100000,147.51
1749254871,146.55000000,13.78000000,147.51
1749254871,146.54000000,60.22800000,147.51
1749254871,146.53000000,9.93900000,147.51
1749254871,146.52000000,692.15600000,147.51
1749254871,146.51000000,7.08100000,147.51
