timestamp,price,volume,current_price
1749260734,147.67000000,153.72500000,147.73
1749260734,147.66000000,48.49800000,147.73
1749260734,147.65000000,248.81100000,147.73
1749260734,147.64000000,512.06300000,147.73
1749260734,147.63000000,578.48900000,147.73
1749260734,147.62000000,290.70800000,147.73
1749260734,147.61000000,757.46500000,147.73
1749260734,147.60000000,361.65100000,147.73
1749260734,147.59000000,440.52200000,147.73
1749260734,147.58000000,514.22100000,147.73
1749260734,147.57000000,546.48400000,147.73
1749260734,147.56000000,337.73100000,147.73
1749260734,147.55000000,602.14500000,147.73
1749260734,147.54000000,315.55700000,147.73
1749260734,147.53000000,347.89800000,147.73
1749260734,147.52000000,925.91400000,147.73
1749260734,147.51000000,900.91200000,147.73
1749260734,147.50000000,806.53800000,147.73
1749260734,147.49000000,1337.58000000,147.73
1749260734,147.48000000,1528.15700000,147.73
1749260734,147.47000000,459.15000000,147.73
1749260734,147.46000000,445.63800000,147.73
1749260734,147.45000000,361.76000000,147.73
1749260734,147.44000000,610.20200000,147.73
1749260734,147.43000000,768.48800000,147.73
1749260734,147.42000000,371.03500000,147.73
1749260734,147.41000000,475.74000000,147.73
1749260734,147.40000000,1049.72200000,147.73
1749260734,147.39000000,3164.84200000,147.73
1749260734,147.38000000,629.70400000,147.73
1749260734,147.37000000,351.02700000,147.73
1749260734,147.36000000,450.50500000,147.73
1749260734,147.35000000,636.30900000,147.73
1749260734,147.34000000,183.46900000,147.73
1749260734,147.33000000,198.57800000,147.73
1749260734,147.32000000,1123.07000000,147.73
1749260734,147.31000000,296.21400000,147.73
1749260734,147.30000000,70.33600000,147.73
1749260734,147.29000000,99.02100000,147.73
1749260734,147.28000000,326.48900000,147.73
1749260734,147.27000000,566.90700000,147.73
1749260734,147.26000000,135.41800000,147.73
1749260734,147.25000000,47.65300000,147.73
1749260734,147.24000000,198.55700000,147.73
1749260734,147.23000000,144.78600000,147.73
1749260734,147.22000000,73.56100000,147.73
1749260734,147.21000000,31.90700000,147.73
1749260734,147.20000000,142.93800000,147.73
1749260734,147.19000000,9.64800000,147.73
1749260734,147.18000000,37.53100000,147.73
1749260734,147.17000000,2.88300000,147.73
1749260734,147.16000000,39.96000000,147.73
1749260734,147.15000000,620.25500000,147.73
1749260734,147.14000000,49.43600000,147.73
1749260734,147.13000000,136.37700000,147.73
1749260734,147.12000000,788.26000000,147.73
1749260734,147.11000000,34.18300000,147.73
1749260734,147.10000000,33.63900000,147.73
1749260734,147.09000000,0.75500000,147.73
1749260734,147.08000000,33.51400000,147.73
1749260734,147.07000000,0.77000000,147.73
1749260734,147.06000000,34.47200000,147.73
1749260734,147.05000000,129.37200000,147.73
1749260734,147.04000000,67.70000000,147.73
1749260734,147.03000000,37.05000000,147.73
1749260734,147.02000000,36.47300000,147.73
1749260734,147.01000000,47.06700000,147.73
1749260734,147.00000000,1075.18400000,147.73
1749260734,146.99000000,875.77100000,147.73
1749260734,146.98000000,681.50800000,147.73
1749260734,146.97000000,35.98700000,147.73
1749260734,146.96000000,33.96900000,147.73
1749260734,146.95000000,1.97600000,147.73
1749260734,146.94000000,53.42400000,147.73
1749260734,146.93000000,16.30300000,147.73
1749260734,146.92000000,33.72400000,147.73
1749260734,146.91000000,1.63600000,147.73
1749260734,146.90000000,35.75600000,147.73
1749260734,146.89000000,30.60800000,147.73
1749260734,146.88000000,37.85100000,147.73
1749260734,146.87000000,0.74300000,147.73
1749260734,146.86000000,67.89300000,147.73
1749260734,146.85000000,42.26600000,147.73
1749260734,146.84000000,72.86500000,147.73
1749260734,146.83000000,18.96200000,147.73
1749260734,146.82000000,34.96600000,147.73
1749260734,146.81000000,1220.31800000,147.73
1749260734,146.80000000,927.91800000,147.73
1749260734,146.79000000,2.67900000,147.73
1749260734,146.78000000,38.80600000,147.73
1749260734,146.77000000,6.33900000,147.73
1749260734,146.76000000,39.35500000,147.73
1749260734,146.75000000,7.76100000,147.73
1749260734,146.74000000,983.77800000,147.73
1749260734,146.73000000,298.10400000,147.73
1749260734,146.72000000,34.42700000,147.73
1749260734,146.71000000,261.57100000,147.73
1749260734,146.70000000,35.84900000,147.73
1749260734,146.69000000,1.17500000,147.73
1749260734,146.68000000,36.53400000,147.73
1749261054,147.70000000,241.01900000,147.7
1749261054,147.69000000,120.96900000,147.7
1749261054,147.68000000,292.47000000,147.7
1749261054,147.67000000,410.68600000,147.7
1749261054,147.66000000,265.10400000,147.7
1749261054,147.65000000,483.11000000,147.7
1749261054,147.64000000,837.07400000,147.7
1749261054,147.63000000,321.73100000,147.7
1749261054,147.62000000,242.86700000,147.7
1749261054,147.61000000,442.43900000,147.7
1749261054,147.60000000,254.83000000,147.7
1749261054,147.59000000,276.85500000,147.7
1749261054,147.58000000,892.62100000,147.7
1749261054,147.57000000,262.08100000,147.7
1749261054,147.56000000,309.89500000,147.7
1749261054,147.55000000,550.83200000,147.7
1749261054,147.54000000,613.94700000,147.7
1749261054,147.53000000,409.11300000,147.7
1749261054,147.52000000,656.03800000,147.7
1749261054,147.51000000,1218.22500000,147.7
1749261054,147.50000000,1084.87400000,147.7
1749261054,147.49000000,1157.43400000,147.7
1749261054,147.48000000,756.38500000,147.7
1749261054,147.47000000,828.68900000,147.7
1749261054,147.46000000,655.30200000,147.7
1749261054,147.45000000,586.48900000,147.7
1749261054,147.44000000,637.75300000,147.7
1749261054,147.43000000,1785.99600000,147.7
1749261054,147.42000000,2749.43800000,147.7
1749261054,147.41000000,182.74800000,147.7
1749261054,147.40000000,1138.22600000,147.7
1749261054,147.39000000,90.15700000,147.7
1749261054,147.38000000,289.62800000,147.7
1749261054,147.37000000,231.74500000,147.7
1749261054,147.36000000,161.06800000,147.7
1749261054,147.35000000,300.07400000,147.7
1749261054,147.34000000,92.10800000,147.7
1749261054,147.33000000,194.82900000,147.7
1749261054,147.32000000,110.78700000,147.7
1749261054,147.31000000,121.66700000,147.7
1749261054,147.30000000,69.47200000,147.7
1749261054,147.29000000,644.70400000,147.7
1749261054,147.28000000,102.05600000,147.7
1749261054,147.27000000,6.64700000,147.7
1749261054,147.26000000,743.33300000,147.7
1749261054,147.25000000,51.56800000,147.7
1749261054,147.24000000,117.94000000,147.7
1749261054,147.23000000,947.63800000,147.7
1749261054,147.22000000,34.63400000,147.7
1749261054,147.21000000,1.24000000,147.7
1749261054,147.20000000,139.90700000,147.7
1749261054,147.19000000,2.99500000,147.7
1749261054,147.18000000,37.53100000,147.7
1749261054,147.17000000,4.39400000,147.7
1749261054,147.16000000,34.27500000,147.7
1749261054,147.15000000,18.71700000,147.7
1749261054,147.14000000,37.36800000,147.7
1749261054,147.13000000,676.49300000,147.7
1749261054,147.12000000,851.49300000,147.7
1749261054,147.11000000,34.59000000,147.7
1749261054,147.10000000,33.63900000,147.7
1749261054,147.09000000,1.43500000,147.7
1749261054,147.08000000,33.51400000,147.7
1749261054,147.07000000,0.77000000,147.7
1749261054,147.06000000,34.06200000,147.7
1749261054,147.05000000,29.23500000,147.7
1749261054,147.04000000,74.55400000,147.7
1749261054,147.03000000,37.05000000,147.7
1749261054,147.02000000,36.47300000,147.7
1749261054,147.01000000,18.40500000,147.7
1749261054,147.00000000,314.16600000,147.7
1749261054,146.99000000,1.62900000,147.7
1749261054,146.98000000,681.97600000,147.7
1749261054,146.97000000,38.29000000,147.7
1749261054,146.96000000,1239.15900000,147.7
1749261054,146.95000000,2.65700000,147.7
1749261054,146.94000000,60.85800000,147.7
1749261054,146.93000000,15.55400000,147.7
1749261054,146.92000000,134.56400000,147.7
1749261054,146.91000000,0.09600000,147.7
1749261054,146.90000000,35.75600000,147.7
1749261054,146.89000000,0.44400000,147.7
1749261054,146.88000000,37.81300000,147.7
1749261054,146.87000000,792.74300000,147.7
1749261054,146.86000000,64.09200000,147.7
1749261054,146.85000000,2.53700000,147.7
1749261054,146.84000000,105.90500000,147.7
1749261054,146.83000000,18.96200000,147.7
1749261054,146.82000000,34.96600000,147.7
1749261054,146.81000000,168.64700000,147.7
1749261054,146.80000000,762.68900000,147.7
1749261054,146.79000000,2.64400000,147.7
1749261054,146.78000000,38.80600000,147.7
1749261054,146.77000000,1521.00600000,147.7
1749261054,146.76000000,35.11000000,147.7
1749261054,146.75000000,7.29200000,147.7
1749261054,146.74000000,317.90100000,147.7
1749261054,146.73000000,296.06100000,147.7
1749261054,146.72000000,34.42700000,147.7
1749261054,146.71000000,2.22400000,147.7
1749261359,147.81000000,174.17800000,147.81
1749261359,147.80000000,281.12300000,147.81
1749261359,147.79000000,777.61800000,147.81
1749261359,147.78000000,767.26300000,147.81
1749261359,147.77000000,638.44000000,147.81
1749261359,147.76000000,540.39800000,147.81
1749261359,147.75000000,255.41000000,147.81
1749261359,147.74000000,385.97000000,147.81
1749261359,147.73000000,729.48300000,147.81
1749261359,147.72000000,603.61100000,147.81
1749261359,147.71000000,614.21800000,147.81
1749261359,147.70000000,632.78200000,147.81
1749261359,147.69000000,395.81300000,147.81
1749261359,147.68000000,360.08900000,147.81
1749261359,147.67000000,368.30500000,147.81
1749261359,147.66000000,182.74200000,147.81
1749261359,147.65000000,665.49600000,147.81
1749261359,147.64000000,1092.33700000,147.81
1749261359,147.63000000,430.54700000,147.81
1749261359,147.62000000,591.92700000,147.81
1749261359,147.61000000,577.22500000,147.81
1749261359,147.60000000,369.30600000,147.81
1749261359,147.59000000,722.75300000,147.81
1749261359,147.58000000,1361.38900000,147.81
1749261359,147.57000000,1292.48400000,147.81
1749261359,147.56000000,1455.17800000,147.81
1749261359,147.55000000,654.42400000,147.81
1749261359,147.54000000,254.89800000,147.81
1749261359,147.53000000,554.36800000,147.81
1749261359,147.52000000,797.27400000,147.81
1749261359,147.51000000,528.34700000,147.81
1749261359,147.50000000,683.94600000,147.81
1749261359,147.49000000,2402.89600000,147.81
1749261359,147.48000000,257.59500000,147.81
1749261359,147.47000000,97.61000000,147.81
1749261359,147.46000000,303.04700000,147.81
1749261359,147.45000000,1270.04900000,147.81
1749261359,147.44000000,349.57400000,147.81
1749261359,147.43000000,259.03700000,147.81
1749261359,147.42000000,171.81700000,147.81
1749261359,147.41000000,58.62400000,147.81
1749261359,147.40000000,810.12000000,147.81
1749261359,147.39000000,69.29200000,147.81
1749261359,147.38000000,218.48000000,147.81
1749261359,147.37000000,5.72600000,147.81
1749261359,147.36000000,102.26800000,147.81
1749261359,147.35000000,281.06400000,147.81
1749261359,147.34000000,34.27800000,147.81
1749261359,147.33000000,136.47600000,147.81
1749261359,147.32000000,12.88100000,147.81
1749261359,147.31000000,65.40000000,147.81
1749261359,147.30000000,14.87000000,147.81
1749261359,147.29000000,34.99400000,147.81
1749261359,147.28000000,101.68700000,147.81
1749261359,147.27000000,6.04100000,147.81
1749261359,147.26000000,742.92900000,147.81
1749261359,147.25000000,22.96500000,147.81
1749261359,147.24000000,121.76900000,147.81
1749261359,147.23000000,1607.63800000,147.81
1749261359,147.22000000,34.92700000,147.81
1749261359,147.21000000,101.24000000,147.81
1749261359,147.20000000,139.94700000,147.81
1749261359,147.19000000,6.73600000,147.81
1749261359,147.18000000,37.53100000,147.81
1749261359,147.17000000,1213.14400000,147.81
1749261359,147.16000000,34.27500000,147.81
1749261359,147.15000000,22.34100000,147.81
1749261359,147.14000000,37.36800000,147.81
1749261359,147.13000000,45.06600000,147.81
1749261359,147.12000000,784.31600000,147.81
1749261359,147.11000000,75.25000000,147.81
1749261359,147.10000000,33.90900000,147.81
1749261359,147.09000000,1.43500000,147.81
1749261359,147.08000000,33.51400000,147.81
1749261359,147.07000000,29.41800000,147.81
1749261359,147.06000000,33.79200000,147.81
1749261359,147.05000000,59.36600000,147.81
1749261359,147.04000000,67.63200000,147.81
1749261359,147.03000000,36.98200000,147.81
1749261359,147.02000000,40.05300000,147.81
1749261359,147.01000000,17.65700000,147.81
1749261359,147.00000000,215.92800000,147.81
1749261359,146.99000000,7.73300000,147.81
1749261359,146.98000000,681.90800000,147.81
1749261359,146.97000000,799.98300000,147.81
1749261359,146.96000000,33.90100000,147.81
1749261359,146.95000000,1.90800000,147.81
1749261359,146.94000000,51.84200000,147.81
1749261359,146.93000000,15.55400000,147.81
1749261359,146.92000000,134.07200000,147.81
1749261359,146.91000000,259.09000000,147.81
1749261359,146.90000000,35.75600000,147.81
1749261359,146.89000000,0.44400000,147.81
1749261359,146.88000000,37.85100000,147.81
1749261359,146.87000000,0.74300000,147.81
1749261359,146.86000000,64.09200000,147.81
1749261359,146.85000000,2.53700000,147.81
1749261359,146.84000000,72.86500000,147.81
1749261359,146.83000000,18.96200000,147.81
1749261359,146.82000000,233.19700000,147.81
1749261660,147.73000000,149.64000000,147.74
1749261660,147.72000000,92.00900000,147.74
1749261660,147.71000000,122.07100000,147.74
1749261660,147.70000000,442.25500000,147.74
1749261660,147.69000000,267.94000000,147.74
1749261660,147.68000000,626.35700000,147.74
1749261660,147.67000000,803.40200000,147.74
1749261660,147.66000000,517.92600000,147.74
1749261660,147.65000000,315.97900000,147.74
1749261660,147.64000000,404.61700000,147.74
1749261660,147.63000000,416.32700000,147.74
1749261660,147.62000000,757.80900000,147.74
1749261660,147.61000000,698.02500000,147.74
1749261660,147.60000000,268.06200000,147.74
1749261660,147.59000000,509.50500000,147.74
1749261660,147.58000000,560.36100000,147.74
1749261660,147.57000000,552.10300000,147.74
1749261660,147.56000000,783.71800000,147.74
1749261660,147.55000000,780.05500000,147.74
1749261660,147.54000000,1105.53100000,147.74
1749261660,147.53000000,900.00800000,147.74
1749261660,147.52000000,836.13800000,147.74
1749261660,147.51000000,905.65300000,147.74
1749261660,147.50000000,595.63900000,147.74
1749261660,147.49000000,524.89300000,147.74
1749261660,147.48000000,719.73500000,147.74
1749261660,147.47000000,899.00200000,147.74
1749261660,147.46000000,338.12800000,147.74
1749261660,147.45000000,277.84600000,147.74
1749261660,147.44000000,618.99700000,147.74
1749261660,147.43000000,2223.41300000,147.74
1749261660,147.42000000,271.98700000,147.74
1749261660,147.41000000,519.90200000,147.74
1749261660,147.40000000,700.46700000,147.74
1749261660,147.39000000,1122.59800000,147.74
1749261660,147.38000000,107.24300000,147.74
1749261660,147.37000000,63.14700000,147.74
1749261660,147.36000000,159.05700000,147.74
1749261660,147.35000000,478.68600000,147.74
1749261660,147.34000000,92.81100000,147.74
1749261660,147.33000000,160.61300000,147.74
1749261660,147.32000000,22.77900000,147.74
1749261660,147.31000000,69.49600000,147.74
1749261660,147.30000000,17.69200000,147.74
1749261660,147.29000000,34.31200000,147.74
1749261660,147.28000000,0.99000000,147.74
1749261660,147.27000000,3.53100000,147.74
1749261660,147.26000000,743.53500000,147.74
1749261660,147.25000000,23.40400000,147.74
1749261660,147.24000000,121.72400000,147.74
1749261660,147.23000000,947.24800000,147.74
1749261660,147.22000000,34.66900000,147.74
1749261660,147.21000000,1.92000000,147.74
1749261660,147.20000000,39.13100000,147.74
1749261660,147.19000000,6.02100000,147.74
1749261660,147.18000000,37.53100000,147.74
1749261660,147.17000000,1213.17900000,147.74
1749261660,147.16000000,34.24000000,147.74
1749261660,147.15000000,23.02100000,147.74
1749261660,147.14000000,37.40300000,147.74
1749261660,147.13000000,704.35100000,147.74
1749261660,147.12000000,787.86600000,147.74
1749261660,147.11000000,103.44200000,147.74
1749261660,147.10000000,33.60400000,147.74
1749261660,147.09000000,1.43500000,147.74
1749261660,147.08000000,33.54900000,147.74
1749261660,147.07000000,1.41500000,147.74
1749261660,147.06000000,40.46800000,147.74
1749261660,147.05000000,28.52000000,147.74
1749261660,147.04000000,67.70000000,147.74
1749261660,147.03000000,37.08500000,147.74
1749261660,147.02000000,40.12100000,147.74
1749261660,147.01000000,18.40500000,147.74
1749261660,147.00000000,213.42600000,147.74
1749261660,146.99000000,1.62900000,147.74
1749261660,146.98000000,681.97600000,147.74
1749261660,146.97000000,38.18200000,147.74
1749261660,146.96000000,33.90100000,147.74
1749261660,146.95000000,1.90800000,147.74
1749261660,146.94000000,51.84200000,147.74
1749261660,146.93000000,15.55400000,147.74
1749261660,146.92000000,134.07200000,147.74
1749261660,146.91000000,0.09600000,147.74
1749261660,146.90000000,39.45300000,147.74
1749261660,146.89000000,33.48400000,147.74
1749261660,146.88000000,203.00400000,147.74
1749261660,146.87000000,792.74300000,147.74
1749261660,146.86000000,64.09200000,147.74
1749261660,146.85000000,2.53700000,147.74
1749261660,146.84000000,72.86500000,147.74
1749261660,146.83000000,18.96200000,147.74
1749261660,146.82000000,34.96600000,147.74
1749261660,146.81000000,3.41600000,147.74
1749261660,146.80000000,762.68900000,147.74
1749261660,146.79000000,261.85000000,147.74
1749261660,146.78000000,38.80600000,147.74
1749261660,146.77000000,1521.08700000,147.74
1749261660,146.76000000,35.11000000,147.74
1749261660,146.75000000,7.29200000,147.74
1749261660,146.74000000,91.90700000,147.74
1749261972,147.49000000,106.97800000,147.5
1749261972,147.48000000,68.83100000,147.5
1749261972,147.47000000,168.74500000,147.5
1749261972,147.46000000,293.18600000,147.5
1749261972,147.45000000,452.59700000,147.5
1749261972,147.44000000,401.32400000,147.5
1749261972,147.43000000,446.09200000,147.5
1749261972,147.42000000,243.90100000,147.5
1749261972,147.41000000,433.35700000,147.5
1749261972,147.40000000,649.28000000,147.5
1749261972,147.39000000,194.71700000,147.5
1749261972,147.38000000,558.79200000,147.5
1749261972,147.37000000,820.10500000,147.5
1749261972,147.36000000,322.04400000,147.5
1749261972,147.35000000,641.03200000,147.5
1749261972,147.34000000,989.38700000,147.5
1749261972,147.33000000,574.79800000,147.5
1749261972,147.32000000,734.20500000,147.5
1749261972,147.31000000,1470.07300000,147.5
1749261972,147.30000000,1627.86900000,147.5
1749261972,147.29000000,810.73100000,147.5
1749261972,147.28000000,642.16200000,147.5
1749261972,147.27000000,502.64600000,147.5
1749261972,147.26000000,527.74300000,147.5
1749261972,147.25000000,879.93700000,147.5
1749261972,147.24000000,1332.29300000,147.5
1749261972,147.23000000,138.42700000,147.5
1749261972,147.22000000,517.05700000,147.5
1749261972,147.21000000,1304.55200000,147.5
1749261972,147.20000000,236.30200000,147.5
1749261972,147.19000000,64.45000000,147.5
1749261972,147.18000000,226.88700000,147.5
1749261972,147.17000000,2197.26400000,147.5
1749261972,147.16000000,566.28400000,147.5
1749261972,147.15000000,722.16900000,147.5
1749261972,147.14000000,93.80500000,147.5
1749261972,147.13000000,192.61700000,147.5
1749261972,147.12000000,162.57200000,147.5
1749261972,147.11000000,1018.87700000,147.5
1749261972,147.10000000,91.52400000,147.5
1749261972,147.09000000,59.36300000,147.5
1749261972,147.08000000,91.32800000,147.5
1749261972,147.07000000,1.41500000,147.5
1749261972,147.06000000,33.82700000,147.5
1749261972,147.05000000,28.52000000,147.5
1749261972,147.04000000,74.33200000,147.5
1749261972,147.03000000,51.03900000,147.5
1749261972,147.02000000,1901.66300000,147.5
1749261972,147.01000000,18.60700000,147.5
1749261972,147.00000000,280.44900000,147.5
1749261972,146.99000000,1.26100000,147.5
1749261972,146.98000000,689.11500000,147.5
1749261972,146.97000000,8.05100000,147.5
1749261972,146.96000000,33.96900000,147.5
1749261972,146.95000000,1.97600000,147.5
1749261972,146.94000000,53.42400000,147.5
1749261972,146.93000000,16.30200000,147.5
1749261972,146.92000000,33.72400000,147.5
1749261972,146.91000000,0.16400000,147.5
1749261972,146.90000000,39.52100000,147.5
1749261972,146.89000000,2.58100000,147.5
1749261972,146.88000000,106.14100000,147.5
1749261972,146.87000000,69.71700000,147.5
1749261972,146.86000000,64.16000000,147.5
1749261972,146.85000000,3.28600000,147.5
1749261972,146.84000000,100.24200000,147.5
1749261972,146.83000000,25.63800000,147.5
1749261972,146.82000000,38.78400000,147.5
1749261972,146.81000000,38.71000000,147.5
1749261972,146.80000000,762.79500000,147.5
1749261972,146.79000000,6.96200000,147.5
1749261972,146.78000000,42.50700000,147.5
1749261972,146.77000000,1521.15500000,147.5
1749261972,146.76000000,827.58500000,147.5
1749261972,146.75000000,108.94400000,147.5
1749261972,146.74000000,91.97500000,147.5
1749261972,146.73000000,328.98500000,147.5
1749261972,146.72000000,34.46500000,147.5
1749261972,146.71000000,2.22400000,147.5
1749261972,146.70000000,3.23000000,147.5
1749261972,146.69000000,1.17500000,147.5
1749261972,146.68000000,36.53400000,147.5
1749261972,146.67000000,1.50300000,147.5
1749261972,146.66000000,865.05500000,147.5
1749261972,146.65000000,5.85600000,147.5
1749261972,146.64000000,238.77800000,147.5
1749261972,146.63000000,7.34600000,147.5
1749261972,146.62000000,45.01700000,147.5
1749261972,146.61000000,1.67200000,147.5
1749261972,146.60000000,39.07900000,147.5
1749261972,146.59000000,4.28200000,147.5
1749261972,146.58000000,29.24400000,147.5
1749261972,146.57000000,37.01900000,147.5
1749261972,146.56000000,25.63800000,147.5
1749261972,146.55000000,261.96900000,147.5
1749261972,146.54000000,90.50900000,147.5
1749261972,146.53000000,0.89800000,147.5
1749261972,146.52000000,1.26600000,147.5
1749261972,146.51000000,7.08100000,147.5
1749261972,146.50000000,1711.66800000,147.5
1749262273,147.88000000,292.40600000,147.89
1749262273,147.87000000,400.62500000,147.89
1749262273,147.86000000,191.51100000,147.89
1749262273,147.85000000,517.87000000,147.89
1749262273,147.84000000,654.68100000,147.89
1749262273,147.83000000,344.65200000,147.89
1749262273,147.82000000,717.22800000,147.89
1749262273,147.81000000,270.69500000,147.89
1749262273,147.80000000,234.66100000,147.89
1749262273,147.79000000,564.26900000,147.89
1749262273,147.78000000,324.56800000,147.89
1749262273,147.77000000,543.08600000,147.89
1749262273,147.76000000,736.00000000,147.89
1749262273,147.75000000,225.66700000,147.89
1749262273,147.74000000,329.27400000,147.89
1749262273,147.73000000,627.14300000,147.89
1749262273,147.72000000,855.09100000,147.89
1749262273,147.71000000,964.21600000,147.89
1749262273,147.70000000,559.14100000,147.89
1749262273,147.69000000,358.78200000,147.89
1749262273,147.68000000,673.06400000,147.89
1749262273,147.67000000,895.88200000,147.89
1749262273,147.66000000,487.86200000,147.89
1749262273,147.65000000,668.48000000,147.89
1749262273,147.64000000,460.30000000,147.89
1749262273,147.63000000,641.93500000,147.89
1749262273,147.62000000,484.19400000,147.89
1749262273,147.61000000,473.54800000,147.89
1749262273,147.60000000,481.39100000,147.89
1749262273,147.59000000,523.17100000,147.89
1749262273,147.58000000,1444.37100000,147.89
1749262273,147.57000000,3777.11200000,147.89
1749262273,147.56000000,210.87000000,147.89
1749262273,147.55000000,355.81400000,147.89
1749262273,147.54000000,102.60400000,147.89
1749262273,147.53000000,1347.27800000,147.89
1749262273,147.52000000,64.77900000,147.89
1749262273,147.51000000,89.52700000,147.89
1749262273,147.50000000,363.10900000,147.89
1749262273,147.49000000,58.16500000,147.89
1749262273,147.48000000,424.54500000,147.89
1749262273,147.47000000,58.11600000,147.89
1749262273,147.46000000,128.86100000,147.89
1749262273,147.45000000,337.45600000,147.89
1749262273,147.44000000,74.67700000,147.89
1749262273,147.43000000,46.82100000,147.89
1749262273,147.42000000,22.84100000,147.89
1749262273,147.41000000,25.23100000,147.89
1749262273,147.40000000,56.94400000,147.89
1749262273,147.39000000,119.20300000,147.89
1749262273,147.38000000,41.20200000,147.89
1749262273,147.37000000,71.64400000,147.89
1749262273,147.36000000,122.47100000,147.89
1749262273,147.35000000,256.88800000,147.89
1749262273,147.34000000,49.29200000,147.89
1749262273,147.33000000,150.20600000,147.89
1749262273,147.32000000,40.06700000,147.89
1749262273,147.31000000,178.39900000,147.89
1749262273,147.30000000,29.96500000,147.89
1749262273,147.29000000,36.84800000,147.89
1749262273,147.28000000,660.92700000,147.89
1749262273,147.27000000,136.40600000,147.89
1749262273,147.26000000,1350.92100000,147.89
1749262273,147.25000000,28.92400000,147.89
1749262273,147.24000000,144.79500000,147.89
1749262273,147.23000000,20.61900000,147.89
1749262273,147.22000000,39.17100000,147.89
1749262273,147.21000000,1.92000000,147.89
1749262273,147.20000000,39.13100000,147.89
1749262273,147.19000000,31.08900000,147.89
1749262273,147.18000000,67.81100000,147.89
1749262273,147.17000000,4.37400000,147.89
1749262273,147.16000000,33.81900000,147.89
1749262273,147.15000000,19.39700000,147.89
1749262273,147.14000000,35.86600000,147.89
1749262273,147.13000000,59.46900000,147.89
1749262273,147.12000000,714.36900000,147.89
1749262273,147.11000000,960.89700000,147.89
1749262273,147.10000000,35.03800000,147.89
1749262273,147.09000000,1.36700000,147.89
1749262273,147.08000000,33.48100000,147.89
1749262273,147.07000000,1.34700000,147.89
1749262273,147.06000000,33.75900000,147.89
1749262273,147.05000000,58.81500000,147.89
1749262273,147.04000000,67.63200000,147.89
1749262273,147.03000000,37.01700000,147.89
1749262273,147.02000000,1406.78600000,147.89
1749262273,147.01000000,810.33700000,147.89
1749262273,147.00000000,215.55800000,147.89
1749262273,146.99000000,1.34800000,147.89
1749262273,146.98000000,689.04700000,147.89
1749262273,146.97000000,7.98300000,147.89
1749262273,146.96000000,33.90100000,147.89
1749262273,146.95000000,1.90800000,147.89
1749262273,146.94000000,51.84200000,147.89
1749262273,146.93000000,15.55400000,147.89
1749262273,146.92000000,134.75000000,147.89
1749262273,146.91000000,259.25400000,147.89
1749262273,146.90000000,92.46200000,147.89
1749262273,146.89000000,0.37600000,147.89
1749262575,148.11000000,256.18700000,148.11
1749262575,148.10000000,408.99500000,148.11
1749262575,148.09000000,366.07100000,148.11
1749262575,148.08000000,456.40000000,148.11
1749262575,148.07000000,552.45800000,148.11
1749262575,148.06000000,628.32400000,148.11
1749262575,148.05000000,766.88400000,148.11
1749262575,148.04000000,884.26100000,148.11
1749262575,148.03000000,508.51400000,148.11
1749262575,148.02000000,392.84400000,148.11
1749262575,148.01000000,724.58500000,148.11
1749262575,148.00000000,331.27300000,148.11
1749262575,147.99000000,689.49200000,148.11
1749262575,147.98000000,1330.32400000,148.11
1749262575,147.97000000,697.96600000,148.11
1749262575,147.96000000,275.69300000,148.11
1749262575,147.95000000,390.77000000,148.11
1749262575,147.94000000,430.21300000,148.11
1749262575,147.93000000,298.35600000,148.11
1749262575,147.92000000,403.34900000,148.11
1749262575,147.91000000,750.34700000,148.11
1749262575,147.90000000,964.49000000,148.11
1749262575,147.89000000,593.19500000,148.11
1749262575,147.88000000,800.69500000,148.11
1749262575,147.87000000,775.33500000,148.11
1749262575,147.86000000,860.98300000,148.11
1749262575,147.85000000,1126.63100000,148.11
1749262575,147.84000000,1619.28300000,148.11
1749262575,147.83000000,2614.85400000,148.11
1749262575,147.82000000,369.36100000,148.11
1749262575,147.81000000,165.34500000,148.11
1749262575,147.80000000,298.77800000,148.11
1749262575,147.79000000,423.57500000,148.11
1749262575,147.78000000,78.26100000,148.11
1749262575,147.77000000,281.45400000,148.11
1749262575,147.76000000,135.75400000,148.11
1749262575,147.75000000,1226.18100000,148.11
1749262575,147.74000000,382.23500000,148.11
1749262575,147.73000000,71.87100000,148.11
1749262575,147.72000000,332.52800000,148.11
1749262575,147.71000000,64.84900000,148.11
1749262575,147.70000000,65.57300000,148.11
1749262575,147.69000000,35.81300000,148.11
1749262575,147.68000000,78.10800000,148.11
1749262575,147.67000000,100.92000000,148.11
1749262575,147.66000000,113.59700000,148.11
1749262575,147.65000000,4.81700000,148.11
1749262575,147.64000000,104.05000000,148.11
1749262575,147.63000000,37.09500000,148.11
1749262575,147.62000000,0.20400000,148.11
1749262575,147.61000000,0.35500000,148.11
1749262575,147.60000000,84.29600000,148.11
1749262575,147.59000000,5.22900000,148.11
1749262575,147.58000000,0.06800000,148.11
1749262575,147.57000000,117.45800000,148.11
1749262575,147.56000000,65.12900000,148.11
1749262575,147.55000000,22.13600000,148.11
1749262575,147.54000000,714.93700000,148.11
1749262575,147.53000000,56.79100000,148.11
1749262575,147.52000000,33.44100000,148.11
1749262575,147.51000000,31.06400000,148.11
1749262575,147.50000000,141.83800000,148.11
1749262575,147.49000000,43.63000000,148.11
1749262575,147.48000000,679.22100000,148.11
1749262575,147.47000000,0.15400000,148.11
1749262575,147.46000000,0.33900000,148.11
1749262575,147.45000000,54.73300000,148.11
1749262575,147.44000000,693.52900000,148.11
1749262575,147.43000000,43.22000000,148.11
1749262575,147.42000000,33.97000000,148.11
1749262575,147.41000000,0.87600000,148.11
1749262575,147.40000000,729.76800000,148.11
1749262575,147.39000000,0.14100000,148.11
1749262575,147.38000000,38.60000000,148.11
1749262575,147.37000000,19.99800000,148.11
1749262575,147.36000000,48.29200000,148.11
1749262575,147.35000000,138.77100000,148.11
1749262575,147.34000000,34.89000000,148.11
1749262575,147.33000000,150.13800000,148.11
1749262575,147.32000000,40.19900000,148.11
1749262575,147.31000000,174.27000000,148.11
1749262575,147.30000000,29.96500000,148.11
1749262575,147.29000000,66.97900000,148.11
1749262575,147.28000000,0.61700000,148.11
1749262575,147.27000000,928.19600000,148.11
1749262575,147.26000000,746.76200000,148.11
1749262575,147.25000000,28.85600000,148.11
1749262575,147.24000000,199.07300000,148.11
1749262575,147.23000000,1225.74100000,148.11
1749262575,147.22000000,38.31800000,148.11
1749262575,147.21000000,1.67200000,148.11
1749262575,147.20000000,77.13600000,148.11
1749262575,147.19000000,2.41100000,148.11
1749262575,147.18000000,861.26500000,148.11
1749262575,147.17000000,2.62000000,148.11
1749262575,147.16000000,33.75100000,148.11
1749262575,147.15000000,22.27300000,148.11
1749262575,147.14000000,35.79800000,148.11
1749262575,147.13000000,17.21200000,148.11
1749262575,147.12000000,1004.48200000,148.11
1749262880,148.07000000,8.87400000,148.07
1749262880,148.06000000,2.80900000,148.07
1749262880,148.05000000,72.80300000,148.07
1749262880,148.04000000,278.96400000,148.07
1749262880,148.03000000,441.29100000,148.07
1749262880,148.02000000,311.57900000,148.07
1749262880,148.01000000,380.24100000,148.07
1749262880,148.00000000,428.08300000,148.07
1749262880,147.99000000,243.13600000,148.07
1749262880,147.98000000,197.16300000,148.07
1749262880,147.97000000,542.27000000,148.07
1749262880,147.96000000,592.26800000,148.07
1749262880,147.95000000,1247.47300000,148.07
1749262880,147.94000000,780.58400000,148.07
1749262880,147.93000000,368.99500000,148.07
1749262880,147.92000000,534.76500000,148.07
1749262880,147.91000000,529.46300000,148.07
1749262880,147.90000000,741.97800000,148.07
1749262880,147.89000000,438.74300000,148.07
1749262880,147.88000000,583.34800000,148.07
1749262880,147.87000000,557.72100000,148.07
1749262880,147.86000000,967.64700000,148.07
1749262880,147.85000000,1158.92400000,148.07
1749262880,147.84000000,865.36400000,148.07
1749262880,147.83000000,1490.31400000,148.07
1749262880,147.82000000,748.27600000,148.07
1749262880,147.81000000,529.63900000,148.07
1749262880,147.80000000,290.66000000,148.07
1749262880,147.79000000,184.20300000,148.07
1749262880,147.78000000,186.63200000,148.07
1749262880,147.77000000,429.13400000,148.07
1749262880,147.76000000,177.69700000,148.07
1749262880,147.75000000,78.14400000,148.07
1749262880,147.74000000,212.20500000,148.07
1749262880,147.73000000,2186.66100000,148.07
1749262880,147.72000000,1281.21700000,148.07
1749262880,147.71000000,58.29200000,148.07
1749262880,147.70000000,57.80100000,148.07
1749262880,147.69000000,364.66300000,148.07
1749262880,147.68000000,94.57100000,148.07
1749262880,147.67000000,806.75500000,148.07
1749262880,147.66000000,253.71700000,148.07
1749262880,147.65000000,159.19200000,148.07
1749262880,147.64000000,103.66800000,148.07
1749262880,147.63000000,36.83900000,148.07
1749262880,147.62000000,33.65400000,148.07
1749262880,147.61000000,0.15400000,148.07
1749262880,147.60000000,83.89400000,148.07
1749262880,147.59000000,5.22900000,148.07
1749262880,147.58000000,33.36800000,148.07
1749262880,147.57000000,117.45800000,148.07
1749262880,147.56000000,36.67800000,148.07
1749262880,147.55000000,898.06600000,148.07
1749262880,147.54000000,731.57400000,148.07
1749262880,147.53000000,56.64100000,148.07
1749262880,147.52000000,33.55500000,148.07
1749262880,147.51000000,691.06400000,148.07
1749262880,147.50000000,41.23900000,148.07
1749262880,147.49000000,0.16700000,148.07
1749262880,147.48000000,70.80500000,148.07
1749262880,147.47000000,0.66300000,148.07
1749262880,147.46000000,33.63900000,148.07
1749262880,147.45000000,55.66600000,148.07
1749262880,147.44000000,1204.57900000,148.07
1749262880,147.43000000,71.76300000,148.07
1749262880,147.42000000,27.27100000,148.07
1749262880,147.41000000,0.82200000,148.07
1749262880,147.40000000,727.05200000,148.07
1749262880,147.39000000,0.20900000,148.07
1749262880,147.38000000,36.56600000,148.07
1749262880,147.37000000,54.68700000,148.07
1749262880,147.36000000,35.11700000,148.07
1749262880,147.35000000,122.33500000,148.07
1749262880,147.34000000,41.54500000,148.07
1749262880,147.33000000,136.47600000,148.07
1749262880,147.32000000,12.83200000,148.07
1749262880,147.31000000,63.72000000,148.07
1749262880,147.30000000,11.83000000,148.07
1749262880,147.29000000,65.12200000,148.07
1749262880,147.28000000,0.61700000,148.07
1749262880,147.27000000,1.60600000,148.07
1749262880,147.26000000,2538.24200000,148.07
1749262880,147.25000000,22.89700000,148.07
1749262880,147.24000000,825.95000000,148.07
1749262880,147.23000000,20.55100000,148.07
1749262880,147.22000000,34.56600000,148.07
1749262880,147.21000000,1.67200000,148.07
1749262880,147.20000000,39.02500000,148.07
1749262880,147.19000000,35.45100000,148.07
1749262880,147.18000000,71.30200000,148.07
1749262880,147.17000000,1.60500000,148.07
1749262880,147.16000000,33.75100000,148.07
1749262880,147.15000000,22.23900000,148.07
1749262880,147.14000000,35.79800000,148.07
1749262880,147.13000000,15.71000000,148.07
1749262880,147.12000000,971.44200000,148.07
1749262880,147.11000000,34.55700000,148.07
1749262880,147.10000000,33.53600000,148.07
1749262880,147.09000000,0.65300000,148.07
1749262880,147.08000000,33.48100000,148.07
1749263182,148.17000000,105.63500000,148.18
1749263182,148.16000000,141.50300000,148.18
1749263182,148.15000000,514.63400000,148.18
1749263182,148.14000000,810.46200000,148.18
1749263182,148.13000000,454.94400000,148.18
1749263182,148.12000000,430.57900000,148.18
1749263182,148.11000000,339.05700000,148.18
1749263182,148.10000000,373.38700000,148.18
1749263182,148.09000000,90.97400000,148.18
1749263182,148.08000000,274.93800000,148.18
1749263182,148.07000000,823.05800000,148.18
1749263182,148.06000000,757.17000000,148.18
1749263182,148.05000000,517.71400000,148.18
1749263182,148.04000000,725.17400000,148.18
1749263182,148.03000000,1180.50500000,148.18
1749263182,148.02000000,1255.25000000,148.18
1749263182,148.01000000,554.11600000,148.18
1749263182,148.00000000,667.99700000,148.18
1749263182,147.99000000,804.08200000,148.18
1749263182,147.98000000,1097.31400000,148.18
1749263182,147.97000000,885.29800000,148.18
1749263182,147.96000000,999.78000000,148.18
1749263182,147.95000000,1307.69900000,148.18
1749263182,147.94000000,602.10400000,148.18
1749263182,147.93000000,585.63600000,148.18
1749263182,147.92000000,270.46600000,148.18
1749263182,147.91000000,650.79300000,148.18
1749263182,147.90000000,471.16000000,148.18
1749263182,147.89000000,278.18000000,148.18
1749263182,147.88000000,126.23700000,148.18
1749263182,147.87000000,2322.53600000,148.18
1749263182,147.86000000,354.94700000,148.18
1749263182,147.85000000,1087.52600000,148.18
1749263182,147.84000000,282.66300000,148.18
1749263182,147.83000000,311.74800000,148.18
1749263182,147.82000000,242.74700000,148.18
1749263182,147.81000000,150.82600000,148.18
1749263182,147.80000000,74.46900000,148.18
1749263182,147.79000000,64.44300000,148.18
1749263182,147.78000000,669.00400000,148.18
1749263182,147.77000000,236.82100000,148.18
1749263182,147.76000000,67.05000000,148.18
1749263182,147.75000000,17.57300000,148.18
1749263182,147.74000000,140.54500000,148.18
1749263182,147.73000000,14.01900000,148.18
1749263182,147.72000000,106.33500000,148.18
1749263182,147.71000000,0.21900000,148.18
1749263182,147.70000000,33.51800000,148.18
1749263182,147.69000000,681.44200000,148.18
1749263182,147.68000000,36.83800000,148.18
1749263182,147.67000000,100.88500000,148.18
1749263182,147.66000000,46.93200000,148.18
1749263182,147.65000000,104.81700000,148.18
1749263182,147.64000000,117.68300000,148.18
1749263182,147.63000000,36.83900000,148.18
1749263182,147.62000000,693.40300000,148.18
1749263182,147.61000000,0.15400000,148.18
1749263182,147.60000000,87.12700000,148.18
1749263182,147.59000000,5.22900000,148.18
1749263182,147.58000000,33.36800000,148.18
1749263182,147.57000000,28.64300000,148.18
1749263182,147.56000000,36.67800000,148.18
1749263182,147.55000000,904.87500000,148.18
1749263182,147.54000000,714.73600000,148.18
1749263182,147.53000000,56.64100000,148.18
1749263182,147.52000000,33.55500000,148.18
1749263182,147.51000000,31.06400000,148.18
1749263182,147.50000000,82.05100000,148.18
1749263182,147.49000000,2.19000000,148.18
1749263182,147.48000000,3.19800000,148.18
1749263182,147.47000000,0.66300000,148.18
1749263182,147.46000000,33.63900000,148.18
1749263182,147.45000000,85.86500000,148.18
1749263182,147.44000000,1204.57900000,148.18
1749263182,147.43000000,43.22000000,148.18
1749263182,147.42000000,27.27100000,148.18
1749263182,147.41000000,0.75400000,148.18
1749263182,147.40000000,727.02800000,148.18
1749263182,147.39000000,0.14100000,148.18
1749263182,147.38000000,36.49800000,148.18
1749263182,147.37000000,13.62300000,148.18
1749263182,147.36000000,200.24000000,148.18
1749263182,147.35000000,914.26700000,148.18
1749263182,147.34000000,34.21000000,148.18
1749263182,147.33000000,136.40800000,148.18
1749263182,147.32000000,45.80400000,148.18
1749263182,147.31000000,63.72000000,148.18
1749263182,147.30000000,11.83000000,148.18
1749263182,147.29000000,34.24400000,148.18
1749263182,147.28000000,0.65200000,148.18
1749263182,147.27000000,1.60600000,148.18
1749263182,147.26000000,2373.05100000,148.18
1749263182,147.25000000,22.89700000,148.18
1749263182,147.24000000,33.91600000,148.18
1749263182,147.23000000,20.55100000,148.18
1749263182,147.22000000,34.56600000,148.18
1749263182,147.21000000,260.10400000,148.18
1749263182,147.20000000,39.82600000,148.18
1749263182,147.19000000,2.41100000,148.18
1749263182,147.18000000,41.02200000,148.18
1749263488,148.00000000,155.09900000,148.01
1749263488,147.99000000,25.07400000,148.01
1749263488,147.98000000,81.04000000,148.01
1749263488,147.97000000,245.64400000,148.01
1749263488,147.96000000,648.85600000,148.01
1749263488,147.95000000,471.82900000,148.01
1749263488,147.94000000,417.87900000,148.01
1749263488,147.93000000,586.55100000,148.01
1749263488,147.92000000,298.04000000,148.01
1749263488,147.91000000,423.18800000,148.01
1749263488,147.90000000,430.07200000,148.01
1749263488,147.89000000,142.36000000,148.01
1749263488,147.88000000,377.20500000,148.01
1749263488,147.87000000,787.48700000,148.01
1749263488,147.86000000,470.60500000,148.01
1749263488,147.85000000,331.83700000,148.01
1749263488,147.84000000,516.28900000,148.01
1749263488,147.83000000,519.57300000,148.01
1749263488,147.82000000,570.52400000,148.01
1749263488,147.81000000,1385.54100000,148.01
1749263488,147.80000000,934.20700000,148.01
1749263488,147.79000000,716.55000000,148.01
1749263488,147.78000000,761.62400000,148.01
1749263488,147.77000000,1393.66300000,148.01
1749263488,147.76000000,1047.00400000,148.01
1749263488,147.75000000,522.20200000,148.01
1749263488,147.74000000,1157.33500000,148.01
1749263488,147.73000000,1045.13500000,148.01
1749263488,147.72000000,264.55900000,148.01
1749263488,147.71000000,221.18700000,148.01
1749263488,147.70000000,279.77200000,148.01
1749263488,147.69000000,710.80200000,148.01
1749263488,147.68000000,91.51200000,148.01
1749263488,147.67000000,198.83000000,148.01
1749263488,147.66000000,1657.06000000,148.01
1749263488,147.65000000,2175.28300000,148.01
1749263488,147.64000000,276.81100000,148.01
1749263488,147.63000000,98.22000000,148.01
1749263488,147.62000000,91.11200000,148.01
1749263488,147.61000000,57.86700000,148.01
1749263488,147.60000000,142.17600000,148.01
1749263488,147.59000000,62.95300000,148.01
1749263488,147.58000000,923.02700000,148.01
1749263488,147.57000000,0.13700000,148.01
1749263488,147.56000000,139.16800000,148.01
1749263488,147.55000000,11.59600000,148.01
1749263488,147.54000000,714.73600000,148.01
1749263488,147.53000000,70.13100000,148.01
1749263488,147.52000000,33.55500000,148.01
1749263488,147.51000000,31.06400000,148.01
1749263488,147.50000000,40.66400000,148.01
1749263488,147.49000000,7.03500000,148.01
1749263488,147.48000000,107.04200000,148.01
1749263488,147.47000000,0.66300000,148.01
1749263488,147.46000000,34.31700000,148.01
1749263488,147.45000000,54.98400000,148.01
1749263488,147.44000000,1864.57900000,148.01
1749263488,147.43000000,70.90900000,148.01
1749263488,147.42000000,33.55800000,148.01
1749263488,147.41000000,1.04000000,148.01
1749263488,147.40000000,727.09600000,148.01
1749263488,147.39000000,32.59100000,148.01
1749263488,147.38000000,77.00200000,148.01
1749263488,147.37000000,14.37000000,148.01
1749263488,147.36000000,112.77700000,148.01
1749263488,147.35000000,122.33500000,148.01
1749263488,147.34000000,34.27800000,148.01
1749263488,147.33000000,137.15500000,148.01
1749263488,147.32000000,13.08600000,148.01
1749263488,147.31000000,63.78800000,148.01
1749263488,147.30000000,11.89800000,148.01
1749263488,147.29000000,65.19000000,148.01
1749263488,147.28000000,1.36400000,148.01
1749263488,147.27000000,103.43100000,148.01
1749263488,147.26000000,2268.46200000,148.01
1749263488,147.25000000,22.96500000,148.01
1749263488,147.24000000,33.95000000,148.01
1749263488,147.23000000,20.55100000,148.01
1749263488,147.22000000,34.56600000,148.01
1749263488,147.21000000,1.63800000,148.01
1749263488,147.20000000,39.02500000,148.01
1749263488,147.19000000,0.73400000,148.01
1749263488,147.18000000,41.02200000,148.01
1749263488,147.17000000,793.60500000,148.01
1749263488,147.16000000,33.75100000,148.01
1749263488,147.15000000,22.30300000,148.01
1749263488,147.14000000,68.83800000,148.01
1749263488,147.13000000,204.30800000,148.01
1749263488,147.12000000,712.81800000,148.01
1749263488,147.11000000,34.55700000,148.01
1749263488,147.10000000,33.53600000,148.01
1749263488,147.09000000,0.65300000,148.01
1749263488,147.08000000,0.18100000,148.01
1749263488,147.07000000,0.66700000,148.01
1749263488,147.06000000,0.45900000,148.01
1749263488,147.05000000,55.81800000,148.01
1749263488,147.04000000,40.96200000,148.01
1749263488,147.03000000,34.44300000,148.01
1749263488,147.02000000,295.20500000,148.01
1749263488,147.01000000,17.65700000,148.01
1749263795,148.02000000,197.63400000,148.03
1749263795,148.01000000,85.20600000,148.03
1749263795,148.00000000,417.72300000,148.03
1749263795,147.99000000,813.89800000,148.03
1749263795,147.98000000,502.87900000,148.03
1749263795,147.97000000,440.78900000,148.03
1749263795,147.96000000,615.49500000,148.03
1749263795,147.95000000,716.69600000,148.03
1749263795,147.94000000,731.34300000,148.03
1749263795,147.93000000,798.23400000,148.03
1749263795,147.92000000,134.59400000,148.03
1749263795,147.91000000,319.48900000,148.03
1749263795,147.90000000,527.44000000,148.03
1749263795,147.89000000,328.37200000,148.03
1749263795,147.88000000,348.85300000,148.03
1749263795,147.87000000,479.22200000,148.03
1749263795,147.86000000,475.88600000,148.03
1749263795,147.85000000,165.58000000,148.03
1749263795,147.84000000,418.53600000,148.03
1749263795,147.83000000,496.88200000,148.03
1749263795,147.82000000,659.53800000,148.03
1749263795,147.81000000,1637.00600000,148.03
1749263795,147.80000000,1312.64100000,148.03
1749263795,147.79000000,956.51700000,148.03
1749263795,147.78000000,729.82800000,148.03
1749263795,147.77000000,501.63700000,148.03
1749263795,147.76000000,737.14500000,148.03
1749263795,147.75000000,143.72100000,148.03
1749263795,147.74000000,258.85300000,148.03
1749263795,147.73000000,451.85000000,148.03
1749263795,147.72000000,1149.13300000,148.03
1749263795,147.71000000,352.77800000,148.03
1749263795,147.70000000,2206.82500000,148.03
1749263795,147.69000000,972.18100000,148.03
1749263795,147.68000000,106.50900000,148.03
1749263795,147.67000000,159.04000000,148.03
1749263795,147.66000000,197.82800000,148.03
1749263795,147.65000000,59.19200000,148.03
1749263795,147.64000000,1296.56500000,148.03
1749263795,147.63000000,98.22800000,148.03
1749263795,147.62000000,91.11600000,148.03
1749263795,147.61000000,97.76100000,148.03
1749263795,147.60000000,178.70900000,148.03
1749263795,147.59000000,5.22900000,148.03
1749263795,147.58000000,922.80800000,148.03
1749263795,147.57000000,16.64100000,148.03
1749263795,147.56000000,139.16800000,148.03
1749263795,147.55000000,11.59600000,148.03
1749263795,147.54000000,714.73600000,148.03
1749263795,147.53000000,70.13100000,148.03
1749263795,147.52000000,33.55500000,148.03
1749263795,147.51000000,31.06400000,148.03
1749263795,147.50000000,52.65300000,148.03
1749263795,147.49000000,3.80000000,148.03
1749263795,147.48000000,107.04200000,148.03
1749263795,147.47000000,0.66300000,148.03
1749263795,147.46000000,34.31700000,148.03
1749263795,147.45000000,54.56500000,148.03
1749263795,147.44000000,1864.57900000,148.03
1749263795,147.43000000,43.77700000,148.03
1749263795,147.42000000,33.55800000,148.03
1749263795,147.41000000,1.04000000,148.03
1749263795,147.40000000,727.09600000,148.03
1749263795,147.39000000,4.03400000,148.03
1749263795,147.38000000,65.12400000,148.03
1749263795,147.37000000,54.97000000,148.03
1749263795,147.36000000,103.39500000,148.03
1749263795,147.35000000,128.92200000,148.03
1749263795,147.34000000,34.27800000,148.03
1749263795,147.33000000,137.15500000,148.03
1749263795,147.32000000,13.08600000,148.03
1749263795,147.31000000,63.78800000,148.03
1749263795,147.30000000,11.89800000,148.03
1749263795,147.29000000,92.34700000,148.03
1749263795,147.28000000,1.36400000,148.03
1749263795,147.27000000,103.43100000,148.03
1749263795,147.26000000,2268.85800000,148.03
1749263795,147.25000000,22.89700000,148.03
1749263795,147.24000000,34.62900000,148.03
1749263795,147.23000000,20.55100000,148.03
1749263795,147.22000000,34.56600000,148.03
1749263795,147.21000000,1.63800000,148.03
1749263795,147.20000000,39.06300000,148.03
1749263795,147.19000000,165.92500000,148.03
1749263795,147.18000000,866.06200000,148.03
1749263795,147.17000000,1.60500000,148.03
1749263795,147.16000000,33.75100000,148.03
1749263795,147.15000000,22.30300000,148.03
1749263795,147.14000000,35.79800000,148.03
1749263795,147.13000000,15.71000000,148.03
1749263795,147.12000000,712.81800000,148.03
1749263795,147.11000000,34.55700000,148.03
1749263795,147.10000000,33.53600000,148.03
1749263795,147.09000000,0.65300000,148.03
1749263795,147.08000000,0.18100000,148.03
1749263795,147.07000000,0.66700000,148.03
1749263795,147.06000000,259.18900000,148.03
1749263795,147.05000000,55.81800000,148.03
1749263795,147.04000000,40.96200000,148.03
1749263795,147.03000000,34.44300000,148.03
1749264096,148.10000000,455.13200000,148.11
1749264096,148.09000000,375.31600000,148.11
1749264096,148.08000000,447.27700000,148.11
1749264096,148.07000000,441.61600000,148.11
1749264096,148.06000000,674.69700000,148.11
1749264096,148.05000000,561.18100000,148.11
1749264096,148.04000000,291.25000000,148.11
1749264096,148.03000000,436.79800000,148.11
1749264096,148.02000000,656.66500000,148.11
1749264096,148.01000000,819.06900000,148.11
1749264096,148.00000000,1029.11000000,148.11
1749264096,147.99000000,639.93500000,148.11
1749264096,147.98000000,364.34400000,148.11
1749264096,147.97000000,487.88900000,148.11
1749264096,147.96000000,458.03400000,148.11
1749264096,147.95000000,334.42100000,148.11
1749264096,147.94000000,243.50600000,148.11
1749264096,147.93000000,479.53100000,148.11
1749264096,147.92000000,502.22700000,148.11
1749264096,147.91000000,902.40100000,148.11
1749264096,147.90000000,632.94100000,148.11
1749264096,147.89000000,414.31400000,148.11
1749264096,147.88000000,845.12600000,148.11
1749264096,147.87000000,1113.34600000,148.11
1749264096,147.86000000,1203.52300000,148.11
1749264096,147.85000000,793.38700000,148.11
1749264096,147.84000000,344.21200000,148.11
1749264096,147.83000000,344.10600000,148.11
1749264096,147.82000000,324.39100000,148.11
1749264096,147.81000000,420.73100000,148.11
1749264096,147.80000000,918.87400000,148.11
1749264096,147.79000000,87.02900000,148.11
1749264096,147.78000000,114.13400000,148.11
1749264096,147.77000000,2208.23300000,148.11
1749264096,147.76000000,565.43500000,148.11
1749264096,147.75000000,75.74600000,148.11
1749264096,147.74000000,376.46500000,148.11
1749264096,147.73000000,1051.45100000,148.11
1749264096,147.72000000,164.00100000,148.11
1749264096,147.71000000,359.98500000,148.11
1749264096,147.70000000,91.08200000,148.11
1749264096,147.69000000,670.02900000,148.11
1749264096,147.68000000,96.30700000,148.11
1749264096,147.67000000,101.17000000,148.11
1749264096,147.66000000,180.06800000,148.11
1749264096,147.65000000,1.49100000,148.11
1749264096,147.64000000,36.72400000,148.11
1749264096,147.63000000,40.51500000,148.11
1749264096,147.62000000,33.40300000,148.11
1749264096,147.61000000,0.15400000,148.11
1749264096,147.60000000,117.75600000,148.11
1749264096,147.59000000,5.22900000,148.11
1749264096,147.58000000,922.80800000,148.11
1749264096,147.57000000,16.64100000,148.11
1749264096,147.56000000,139.16800000,148.11
1749264096,147.55000000,25.10600000,148.11
1749264096,147.54000000,1374.73600000,148.11
1749264096,147.53000000,58.25100000,148.11
1749264096,147.52000000,33.55500000,148.11
1749264096,147.51000000,31.06400000,148.11
1749264096,147.50000000,46.80000000,148.11
1749264096,147.49000000,42.97600000,148.11
1749264096,147.48000000,137.86600000,148.11
1749264096,147.47000000,3.89900000,148.11
1749264096,147.46000000,34.31700000,148.11
1749264096,147.45000000,54.56500000,148.11
1749264096,147.44000000,1231.70900000,148.11
1749264096,147.43000000,43.77700000,148.11
1749264096,147.42000000,40.46900000,148.11
1749264096,147.41000000,1.04000000,148.11
1749264096,147.40000000,727.09600000,148.11
1749264096,147.39000000,0.20900000,148.11
1749264096,147.38000000,36.56600000,148.11
1749264096,147.37000000,14.37000000,148.11
1749264096,147.36000000,35.11700000,148.11
1749264096,147.35000000,122.33500000,148.11
1749264096,147.34000000,34.21000000,148.11
1749264096,147.33000000,137.08700000,148.11
1749264096,147.32000000,13.01800000,148.11
1749264096,147.31000000,67.55000000,148.11
1749264096,147.30000000,11.83000000,148.11
1749264096,147.29000000,65.12200000,148.11
1749264096,147.28000000,165.84300000,148.11
1749264096,147.27000000,895.36300000,148.11
1749264096,147.26000000,2268.39400000,148.11
1749264096,147.25000000,22.89700000,148.11
1749264096,147.24000000,33.95000000,148.11
1749264096,147.23000000,20.55100000,148.11
1749264096,147.22000000,34.56600000,148.11
1749264096,147.21000000,1.63800000,148.11
1749264096,147.20000000,39.02500000,148.11
1749264096,147.19000000,0.73400000,148.11
1749264096,147.18000000,41.02200000,148.11
1749264096,147.17000000,34.64500000,148.11
1749264096,147.16000000,33.75100000,148.11
1749264096,147.15000000,22.30300000,148.11
1749264096,147.14000000,294.38700000,148.11
1749264096,147.13000000,15.71000000,148.11
1749264096,147.12000000,679.51800000,148.11
1749264096,147.11000000,34.55700000,148.11
1749264403,148.20000000,14.87200000,148.21
1749264403,148.19000000,8.64300000,148.21
1749264403,148.18000000,286.81000000,148.21
1749264403,148.17000000,515.45000000,148.21
1749264403,148.16000000,482.90300000,148.21
1749264403,148.15000000,419.14200000,148.21
1749264403,148.14000000,284.53900000,148.21
1749264403,148.13000000,838.45600000,148.21
1749264403,148.12000000,152.25700000,148.21
1749264403,148.11000000,215.45000000,148.21
1749264403,148.10000000,247.86100000,148.21
1749264403,148.09000000,603.82100000,148.21
1749264403,148.08000000,260.99000000,148.21
1749264403,148.07000000,287.42000000,148.21
1749264403,148.06000000,836.17600000,148.21
1749264403,148.05000000,468.29000000,148.21
1749264403,148.04000000,513.11100000,148.21
1749264403,148.03000000,873.53500000,148.21
1749264403,148.02000000,903.73600000,148.21
1749264403,148.01000000,659.70200000,148.21
1749264403,148.00000000,872.97500000,148.21
1749264403,147.99000000,999.50300000,148.21
1749264403,147.98000000,1430.65000000,148.21
1749264403,147.97000000,1072.61200000,148.21
1749264403,147.96000000,1217.08900000,148.21
1749264403,147.95000000,1962.85300000,148.21
1749264403,147.94000000,276.06400000,148.21
1749264403,147.93000000,440.36300000,148.21
1749264403,147.92000000,425.42400000,148.21
1749264403,147.91000000,249.54100000,148.21
1749264403,147.90000000,2230.21800000,148.21
1749264403,147.89000000,1123.40600000,148.21
1749264403,147.88000000,227.20500000,148.21
1749264403,147.87000000,58.11300000,148.21
1749264403,147.86000000,170.63700000,148.21
1749264403,147.85000000,396.93100000,148.21
1749264403,147.84000000,384.01500000,148.21
1749264403,147.83000000,85.30200000,148.21
1749264403,147.82000000,365.36800000,148.21
1749264403,147.81000000,258.98000000,148.21
1749264403,147.80000000,715.23600000,148.21
1749264403,147.79000000,7.09100000,148.21
1749264403,147.78000000,36.18100000,148.21
1749264403,147.77000000,10.83400000,148.21
1749264403,147.76000000,358.30400000,148.21
1749264403,147.75000000,18.26700000,148.21
1749264403,147.74000000,136.48400000,148.21
1749264403,147.73000000,14.01900000,148.21
1749264403,147.72000000,106.33500000,148.21
1749264403,147.71000000,0.21900000,148.21
1749264403,147.70000000,34.76800000,148.21
1749264403,147.69000000,4.87800000,148.21
1749264403,147.68000000,715.19900000,148.21
1749264403,147.67000000,101.00600000,148.21
1749264403,147.66000000,40.13100000,148.21
1749264403,147.65000000,674.99100000,148.21
1749264403,147.64000000,36.80700000,148.21
1749264403,147.63000000,37.18900000,148.21
1749264403,147.62000000,73.27200000,148.21
1749264403,147.61000000,3.48100000,148.21
1749264403,147.60000000,117.66000000,148.21
1749264403,147.59000000,5.22900000,148.21
1749264403,147.58000000,922.80800000,148.21
1749264403,147.57000000,16.64100000,148.21
1749264403,147.56000000,139.16800000,148.21
1749264403,147.55000000,11.59600000,148.21
1749264403,147.54000000,714.73600000,148.21
1749264403,147.53000000,56.72400000,148.21
1749264403,147.52000000,33.55500000,148.21
1749264403,147.51000000,31.06400000,148.21
1749264403,147.50000000,46.80000000,148.21
1749264403,147.49000000,2.19000000,148.21
1749264403,147.48000000,36.75200000,148.21
1749264403,147.47000000,3.89900000,148.21
1749264403,147.46000000,62.79700000,148.21
1749264403,147.45000000,84.76400000,148.21
1749264403,147.44000000,1231.64100000,148.21
1749264403,147.43000000,43.70900000,148.21
1749264403,147.42000000,42.01200000,148.21
1749264403,147.41000000,0.97200000,148.21
1749264403,147.40000000,727.02800000,148.21
1749264403,147.39000000,0.22400000,148.21
1749264403,147.38000000,828.49800000,148.21
1749264403,147.37000000,11.83100000,148.21
1749264403,147.36000000,66.58900000,148.21
1749264403,147.35000000,120.75600000,148.21
1749264403,147.34000000,34.21000000,148.21
1749264403,147.33000000,136.40800000,148.21
1749264403,147.32000000,13.01800000,148.21
1749264403,147.31000000,63.72000000,148.21
1749264403,147.30000000,11.83000000,148.21
1749264403,147.29000000,34.24400000,148.21
1749264403,147.28000000,260.46800000,148.21
1749264403,147.27000000,268.55400000,148.21
1749264403,147.26000000,2268.39400000,148.21
1749264403,147.25000000,22.98000000,148.21
1749264403,147.24000000,33.91600000,148.21
1749264403,147.23000000,20.55100000,148.21
1749264403,147.22000000,34.56600000,148.21
1749264403,147.21000000,1.63800000,148.21
1749264705,148.25000000,480.70800000,148.25
1749264705,148.24000000,322.97100000,148.25
1749264705,148.23000000,165.80200000,148.25
1749264705,148.22000000,72.06400000,148.25
1749264705,148.21000000,377.88900000,148.25
1749264705,148.20000000,573.05300000,148.25
1749264705,148.19000000,334.97000000,148.25
1749264705,148.18000000,655.13000000,148.25
1749264705,148.17000000,687.70500000,148.25
1749264705,148.16000000,566.00300000,148.25
1749264705,148.15000000,1062.23200000,148.25
1749264705,148.14000000,783.22700000,148.25
1749264705,148.13000000,317.90800000,148.25
1749264705,148.12000000,107.60300000,148.25
1749264705,148.11000000,226.03500000,148.25
1749264705,148.10000000,376.61300000,148.25
1749264705,148.09000000,505.02800000,148.25
1749264705,148.08000000,388.86000000,148.25
1749264705,148.07000000,1043.53000000,148.25
1749264705,148.06000000,659.29200000,148.25
1749264705,148.05000000,301.84900000,148.25
1749264705,148.04000000,783.24600000,148.25
1749264705,148.03000000,1100.35100000,148.25
1749264705,148.02000000,824.15800000,148.25
1749264705,148.01000000,1014.17200000,148.25
1749264705,148.00000000,1836.62500000,148.25
1749264705,147.99000000,682.06300000,148.25
1749264705,147.98000000,415.97200000,148.25
1749264705,147.97000000,352.94200000,148.25
1749264705,147.96000000,612.78900000,148.25
1749264705,147.95000000,1461.26700000,148.25
1749264705,147.94000000,167.58000000,148.25
1749264705,147.93000000,807.14700000,148.25
1749264705,147.92000000,2368.19700000,148.25
1749264705,147.91000000,172.77600000,148.25
1749264705,147.90000000,59.99600000,148.25
1749264705,147.89000000,389.86200000,148.25
1749264705,147.88000000,267.09400000,148.25
1749264705,147.87000000,91.34800000,148.25
1749264705,147.86000000,169.74600000,148.25
1749264705,147.85000000,257.39100000,148.25
1749264705,147.84000000,160.96900000,148.25
1749264705,147.83000000,27.71700000,148.25
1749264705,147.82000000,33.68300000,148.25
1749264705,147.81000000,201.00400000,148.25
1749264705,147.80000000,657.59700000,148.25
1749264705,147.79000000,6.79700000,148.25
1749264705,147.78000000,35.68300000,148.25
1749264705,147.77000000,10.83400000,148.25
1749264705,147.76000000,324.98200000,148.25
1749264705,147.75000000,31.75700000,148.25
1749264705,147.74000000,136.48400000,148.25
1749264705,147.73000000,42.54300000,148.25
1749264705,147.72000000,109.65900000,148.25
1749264705,147.71000000,0.15600000,148.25
1749264705,147.70000000,34.76800000,148.25
1749264705,147.69000000,4.87800000,148.25
1749264705,147.68000000,715.19900000,148.25
1749264705,147.67000000,104.38100000,148.25
1749264705,147.66000000,40.13100000,148.25
1749264705,147.65000000,1.49100000,148.25
1749264705,147.64000000,696.80700000,148.25
1749264705,147.63000000,37.18900000,148.25
1749264705,147.62000000,73.84500000,148.25
1749264705,147.61000000,1.76300000,148.25
1749264705,147.60000000,117.24200000,148.25
1749264705,147.59000000,32.33100000,148.25
1749264705,147.58000000,932.65000000,148.25
1749264705,147.57000000,16.64100000,148.25
1749264705,147.56000000,38.35100000,148.25
1749264705,147.55000000,11.59600000,148.25
1749264705,147.54000000,714.73600000,148.25
1749264705,147.53000000,58.10700000,148.25
1749264705,147.52000000,33.55500000,148.25
1749264705,147.51000000,32.57200000,148.25
1749264705,147.50000000,46.80000000,148.25
1749264705,147.49000000,2.12200000,148.25
1749264705,147.48000000,36.68400000,148.25
1749264705,147.47000000,0.59500000,148.25
1749264705,147.46000000,34.19800000,148.25
1749264705,147.45000000,117.73600000,148.25
1749264705,147.44000000,1204.51100000,148.25
1749264705,147.43000000,43.70900000,148.25
1749264705,147.42000000,33.49000000,148.25
1749264705,147.41000000,165.48500000,148.25
1749264705,147.40000000,725.64400000,148.25
1749264705,147.39000000,0.22400000,148.25
1749264705,147.38000000,828.49800000,148.25
1749264705,147.37000000,11.15200000,148.25
1749264705,147.36000000,33.82000000,148.25
1749264705,147.35000000,120.75600000,148.25
1749264705,147.34000000,34.21000000,148.25
1749264705,147.33000000,136.40800000,148.25
1749264705,147.32000000,13.01800000,148.25
1749264705,147.31000000,63.72000000,148.25
1749264705,147.30000000,11.83000000,148.25
1749264705,147.29000000,34.24400000,148.25
1749264705,147.28000000,258.95700000,148.25
1749264705,147.27000000,103.36300000,148.25
1749264705,147.26000000,2268.29300000,148.25
1749265007,148.52000000,301.91600000,148.53
1749265007,148.51000000,193.63900000,148.53
1749265007,148.50000000,185.84700000,148.53
1749265007,148.49000000,186.24400000,148.53
1749265007,148.48000000,573.40300000,148.53
1749265007,148.47000000,682.20900000,148.53
1749265007,148.46000000,685.80800000,148.53
1749265007,148.45000000,871.17600000,148.53
1749265007,148.44000000,443.68800000,148.53
1749265007,148.43000000,619.26400000,148.53
1749265007,148.42000000,633.86800000,148.53
1749265007,148.41000000,443.84700000,148.53
1749265007,148.40000000,729.36400000,148.53
1749265007,148.39000000,772.97100000,148.53
1749265007,148.38000000,290.96900000,148.53
1749265007,148.37000000,391.55000000,148.53
1749265007,148.36000000,235.29000000,148.53
1749265007,148.35000000,433.55300000,148.53
1749265007,148.34000000,951.01500000,148.53
1749265007,148.33000000,187.40400000,148.53
1749265007,148.32000000,401.47600000,148.53
1749265007,148.31000000,690.00600000,148.53
1749265007,148.30000000,506.64200000,148.53
1749265007,148.29000000,592.95400000,148.53
1749265007,148.28000000,447.14700000,148.53
1749265007,148.27000000,407.12500000,148.53
1749265007,148.26000000,517.51900000,148.53
1749265007,148.25000000,413.45100000,148.53
1749265007,148.24000000,278.57700000,148.53
1749265007,148.23000000,282.70200000,148.53
1749265007,148.22000000,603.02900000,148.53
1749265007,148.21000000,1013.90700000,148.53
1749265007,148.20000000,234.89800000,148.53
1749265007,148.19000000,110.17400000,148.53
1749265007,148.18000000,190.91600000,148.53
1749265007,148.17000000,86.03800000,148.53
1749265007,148.16000000,2267.09500000,148.53
1749265007,148.15000000,439.80300000,148.53
1749265007,148.14000000,724.81100000,148.53
1749265007,148.13000000,1604.45700000,148.53
1749265007,148.12000000,58.96300000,148.53
1749265007,148.11000000,158.53900000,148.53
1749265007,148.10000000,80.25200000,148.53
1749265007,148.09000000,82.82600000,148.53
1749265007,148.08000000,181.21500000,148.53
1749265007,148.07000000,20.98900000,148.53
1749265007,148.06000000,37.50300000,148.53
1749265007,148.05000000,31.02700000,148.53
1749265007,148.04000000,127.76900000,148.53
1749265007,148.03000000,52.04100000,148.53
1749265007,148.02000000,123.23600000,148.53
1749265007,148.01000000,13.50900000,148.53
1749265007,148.00000000,10.22400000,148.53
1749265007,147.99000000,39.76200000,148.53
1749265007,147.98000000,132.80500000,148.53
1749265007,147.97000000,34.50600000,148.53
1749265007,147.96000000,748.91000000,148.53
1749265007,147.95000000,193.86700000,148.53
1749265007,147.94000000,41.18500000,148.53
1749265007,147.93000000,80.61100000,148.53
1749265007,147.92000000,2.30500000,148.53
1749265007,147.91000000,608.31500000,148.53
1749265007,147.90000000,1550.55400000,148.53
1749265007,147.89000000,0.46600000,148.53
1749265007,147.88000000,0.18800000,148.53
1749265007,147.87000000,61.26600000,148.53
1749265007,147.86000000,51.87300000,148.53
1749265007,147.85000000,19.10000000,148.53
1749265007,147.84000000,105.58000000,148.53
1749265007,147.83000000,27.75500000,148.53
1749265007,147.82000000,716.42400000,148.53
1749265007,147.81000000,0.18700000,148.53
1749265007,147.80000000,34.02600000,148.53
1749265007,147.79000000,6.87700000,148.53
1749265007,147.78000000,35.46500000,148.53
1749265007,147.77000000,10.83100000,148.53
1749265007,147.76000000,326.27200000,148.53
1749265007,147.75000000,18.69500000,148.53
1749265007,147.74000000,44.36000000,148.53
1749265007,147.73000000,18.18000000,148.53
1749265007,147.72000000,37.34000000,148.53
1749265007,147.71000000,0.16100000,148.53
1749265007,147.70000000,35.42200000,148.53
1749265007,147.69000000,31.08500000,148.53
1749265007,147.68000000,717.47000000,148.53
1749265007,147.67000000,0.77200000,148.53
1749265007,147.66000000,40.13100000,148.53
1749265007,147.65000000,1171.79200000,148.53
1749265007,147.64000000,861.09800000,148.53
1749265007,147.63000000,37.14000000,148.53
1749265007,147.62000000,134.57400000,148.53
1749265007,147.61000000,260.36800000,148.53
1749265007,147.60000000,48.93400000,148.53
1749265007,147.59000000,5.16100000,148.53
1749265007,147.58000000,36.85000000,148.53
1749265007,147.57000000,165.75400000,148.53
1749265007,147.56000000,1561.63100000,148.53
1749265007,147.55000000,11.69800000,148.53
1749265007,147.54000000,714.17700000,148.53
1749265007,147.53000000,56.65600000,148.53
1749265308,148.02000000,26.43400000,148.03
1749265308,148.01000000,54.12500000,148.03
1749265308,148.00000000,288.27200000,148.03
1749265308,147.99000000,465.20600000,148.03
1749265308,147.98000000,480.10100000,148.03
1749265308,147.97000000,388.91600000,148.03
1749265308,147.96000000,396.54200000,148.03
1749265308,147.95000000,727.72000000,148.03
1749265308,147.94000000,436.32200000,148.03
1749265308,147.93000000,401.02600000,148.03
1749265308,147.92000000,479.69000000,148.03
1749265308,147.91000000,612.28400000,148.03
1749265308,147.90000000,290.09900000,148.03
1749265308,147.89000000,826.27100000,148.03
1749265308,147.88000000,849.53900000,148.03
1749265308,147.87000000,998.88100000,148.03
1749265308,147.86000000,1370.35900000,148.03
1749265308,147.85000000,941.54800000,148.03
1749265308,147.84000000,660.48900000,148.03
1749265308,147.83000000,492.07600000,148.03
1749265308,147.82000000,573.23500000,148.03
1749265308,147.81000000,874.68100000,148.03
1749265308,147.80000000,646.36200000,148.03
1749265308,147.79000000,545.27100000,148.03
1749265308,147.78000000,235.11200000,148.03
1749265308,147.77000000,527.03000000,148.03
1749265308,147.76000000,1835.61000000,148.03
1749265308,147.75000000,1693.39200000,148.03
1749265308,147.74000000,93.95400000,148.03
1749265308,147.73000000,126.94500000,148.03
1749265308,147.72000000,179.21200000,148.03
1749265308,147.71000000,2175.56600000,148.03
1749265308,147.70000000,398.32800000,148.03
1749265308,147.69000000,112.61700000,148.03
1749265308,147.68000000,98.59500000,148.03
1749265308,147.67000000,66.63200000,148.03
1749265308,147.66000000,197.88800000,148.03
1749265308,147.65000000,344.93200000,148.03
1749265308,147.64000000,983.27500000,148.03
1749265308,147.63000000,94.91700000,148.03
1749265308,147.62000000,91.64900000,148.03
1749265308,147.61000000,9.18300000,148.03
1749265308,147.60000000,107.17600000,148.03
1749265308,147.59000000,6.90000000,148.03
1749265308,147.58000000,37.59600000,148.03
1749265308,147.57000000,29.14100000,148.03
1749265308,147.56000000,37.41700000,148.03
1749265308,147.55000000,26.93900000,148.03
1749265308,147.54000000,714.24500000,148.03
1749265308,147.53000000,716.72400000,148.03
1749265308,147.52000000,36.88300000,148.03
1749265308,147.51000000,30.42500000,148.03
1749265308,147.50000000,1222.09400000,148.03
1749265308,147.49000000,2.86800000,148.03
1749265308,147.48000000,145.55700000,148.03
1749265308,147.47000000,0.83100000,148.03
1749265308,147.46000000,61.84100000,148.03
1749265308,147.45000000,54.70500000,148.03
1749265308,147.44000000,33.56500000,148.03
1749265308,147.43000000,43.77700000,148.03
1749265308,147.42000000,36.71800000,148.03
1749265308,147.41000000,1.52000000,148.03
1749265308,147.40000000,741.20300000,148.03
1749265308,147.39000000,0.74100000,148.03
1749265308,147.38000000,36.56000000,148.03
1749265308,147.37000000,1.98800000,148.03
1749265308,147.36000000,111.17200000,148.03
1749265308,147.35000000,120.82400000,148.03
1749265308,147.34000000,1559.17000000,148.03
1749265308,147.33000000,136.37400000,148.03
1749265308,147.32000000,46.31800000,148.03
1749265308,147.31000000,31.09900000,148.03
1749265308,147.30000000,45.02800000,148.03
1749265308,147.29000000,31.14300000,148.03
1749265308,147.28000000,136.10800000,148.03
1749265308,147.27000000,1.65800000,148.03
1749265308,147.26000000,893.06300000,148.03
1749265308,147.25000000,23.65900000,148.03
1749265308,147.24000000,0.65000000,148.03
1749265308,147.23000000,24.17300000,148.03
1749265308,147.22000000,1.26600000,148.03
1749265308,147.21000000,1.63800000,148.03
1749265308,147.20000000,5.72500000,148.03
1749265308,147.19000000,165.76100000,148.03
1749265308,147.18000000,7.81000000,148.03
1749265308,147.17000000,13.22600000,148.03
1749265308,147.16000000,0.45100000,148.03
1749265308,147.15000000,18.67900000,148.03
1749265308,147.14000000,2.49800000,148.03
1749265308,147.13000000,19.51500000,148.03
1749265308,147.12000000,679.51800000,148.03
1749265308,147.11000000,34.55700000,148.03
1749265308,147.10000000,0.23600000,148.03
1749265308,147.09000000,0.65300000,148.03
1749265308,147.08000000,1.21400000,148.03
1749265308,147.07000000,0.66700000,148.03
1749265308,147.06000000,23.87700000,148.03
1749265308,147.05000000,55.65400000,148.03
1749265308,147.04000000,4.01400000,148.03
1749265308,147.03000000,34.44300000,148.03
1749265610,148.28000000,20.17300000,148.28
1749265610,148.27000000,3.39700000,148.28
1749265610,148.26000000,22.54500000,148.28
1749265610,148.25000000,76.95200000,148.28
1749265610,148.24000000,475.01200000,148.28
1749265610,148.23000000,474.82100000,148.28
1749265610,148.22000000,351.44700000,148.28
1749265610,148.21000000,438.45200000,148.28
1749265610,148.20000000,631.06100000,148.28
1749265610,148.19000000,664.56100000,148.28
1749265610,148.18000000,308.47900000,148.28
1749265610,148.17000000,678.01000000,148.28
1749265610,148.16000000,282.69100000,148.28
1749265610,148.15000000,539.64200000,148.28
1749265610,148.14000000,580.16500000,148.28
1749265610,148.13000000,209.26500000,148.28
1749265610,148.12000000,411.17600000,148.28
1749265610,148.11000000,735.09800000,148.28
1749265610,148.10000000,421.08900000,148.28
1749265610,148.09000000,1123.04000000,148.28
1749265610,148.08000000,1320.45800000,148.28
1749265610,148.07000000,996.12000000,148.28
1749265610,148.06000000,987.98100000,148.28
1749265610,148.05000000,1221.41900000,148.28
1749265610,148.04000000,668.80900000,148.28
1749265610,148.03000000,592.31400000,148.28
1749265610,148.02000000,805.96900000,148.28
1749265610,148.01000000,1385.52000000,148.28
1749265610,148.00000000,1397.92800000,148.28
1749265610,147.99000000,263.45900000,148.28
1749265610,147.98000000,160.91900000,148.28
1749265610,147.97000000,2342.61600000,148.28
1749265610,147.96000000,603.94700000,148.28
1749265610,147.95000000,266.91800000,148.28
1749265610,147.94000000,118.88600000,148.28
1749265610,147.93000000,410.87400000,148.28
1749265610,147.92000000,370.71900000,148.28
1749265610,147.91000000,121.12800000,148.28
1749265610,147.90000000,77.51700000,148.28
1749265610,147.89000000,142.16700000,148.28
1749265610,147.88000000,104.60500000,148.28
1749265610,147.87000000,311.14800000,148.28
1749265610,147.86000000,102.57000000,148.28
1749265610,147.85000000,658.96700000,148.28
1749265610,147.84000000,104.52200000,148.28
1749265610,147.83000000,704.06600000,148.28
1749265610,147.82000000,37.77200000,148.28
1749265610,147.81000000,3.47700000,148.28
1749265610,147.80000000,69.99500000,148.28
1749265610,147.79000000,113.41800000,148.28
1749265610,147.78000000,43.03100000,148.28
1749265610,147.77000000,17.13600000,148.28
1749265610,147.76000000,425.77600000,148.28
1749265610,147.75000000,17.72100000,148.28
1749265610,147.74000000,36.03800000,148.28
1749265610,147.73000000,17.79200000,148.28
1749265610,147.72000000,134.67500000,148.28
1749265610,147.71000000,39.98000000,148.28
1749265610,147.70000000,35.49000000,148.28
1749265610,147.69000000,101.77100000,148.28
1749265610,147.68000000,1377.55600000,148.28
1749265610,147.67000000,894.53300000,148.28
1749265610,147.66000000,68.68600000,148.28
1749265610,147.65000000,7.45900000,148.28
1749265610,147.64000000,36.18000000,148.28
1749265610,147.63000000,40.84700000,148.28
1749265610,147.62000000,61.17700000,148.28
1749265610,147.61000000,4.16700000,148.28
1749265610,147.60000000,107.08400000,148.28
1749265610,147.59000000,5.29100000,148.28
1749265610,147.58000000,38.30100000,148.28
1749265610,147.57000000,1.30900000,148.28
1749265610,147.56000000,40.37700000,148.28
1749265610,147.55000000,1185.16700000,148.28
1749265610,147.54000000,744.44400000,148.28
1749265610,147.53000000,58.23200000,148.28
1749265610,147.52000000,33.92300000,148.28
1749265610,147.51000000,30.82100000,148.28
1749265610,147.50000000,254.36500000,148.28
1749265610,147.49000000,2.80000000,148.28
1749265610,147.48000000,35.72800000,148.28
1749265610,147.47000000,33.80300000,148.28
1749265610,147.46000000,134.99600000,148.28
1749265610,147.45000000,846.59900000,148.28
1749265610,147.44000000,33.49700000,148.28
1749265610,147.43000000,43.70900000,148.28
1749265610,147.42000000,201.84100000,148.28
1749265610,147.41000000,0.77400000,148.28
1749265610,147.40000000,734.21300000,148.28
1749265610,147.39000000,0.67300000,148.28
1749265610,147.38000000,36.49200000,148.28
1749265610,147.37000000,1.24100000,148.28
1749265610,147.36000000,42.19300000,148.28
1749265610,147.35000000,120.75600000,148.28
1749265610,147.34000000,1525.87000000,148.28
1749265610,147.33000000,136.37400000,148.28
1749265610,147.32000000,304.59100000,148.28
1749265610,147.31000000,30.42000000,148.28
1749265610,147.30000000,11.83800000,148.28
1749265610,147.29000000,0.94400000,148.28
1749265911,148.35000000,500.76300000,148.39
1749265911,148.34000000,607.07300000,148.39
1749265911,148.33000000,237.61300000,148.39
1749265911,148.32000000,632.43200000,148.39
1749265911,148.31000000,421.35000000,148.39
1749265911,148.30000000,422.84900000,148.39
1749265911,148.29000000,410.91600000,148.39
1749265911,148.28000000,315.35200000,148.39
1749265911,148.27000000,439.49400000,148.39
1749265911,148.26000000,525.80200000,148.39
1749265911,148.25000000,273.13300000,148.39
1749265911,148.24000000,658.72300000,148.39
1749265911,148.23000000,350.94800000,148.39
1749265911,148.22000000,167.12400000,148.39
1749265911,148.21000000,383.39700000,148.39
1749265911,148.20000000,452.49800000,148.39
1749265911,148.19000000,436.44600000,148.39
1749265911,148.18000000,805.32500000,148.39
1749265911,148.17000000,1239.47800000,148.39
1749265911,148.16000000,630.44700000,148.39
1749265911,148.15000000,873.06000000,148.39
1749265911,148.14000000,1059.57200000,148.39
1749265911,148.13000000,818.67600000,148.39
1749265911,148.12000000,809.48100000,148.39
1749265911,148.11000000,432.74800000,148.39
1749265911,148.10000000,376.09300000,148.39
1749265911,148.09000000,1001.25200000,148.39
1749265911,148.08000000,929.16400000,148.39
1749265911,148.07000000,678.06400000,148.39
1749265911,148.06000000,889.16000000,148.39
1749265911,148.05000000,2656.17400000,148.39
1749265911,148.04000000,1029.14400000,148.39
1749265911,148.03000000,161.99900000,148.39
1749265911,148.02000000,294.59400000,148.39
1749265911,148.01000000,1438.06100000,148.39
1749265911,148.00000000,568.53300000,148.39
1749265911,147.99000000,263.42400000,148.39
1749265911,147.98000000,105.26700000,148.39
1749265911,147.97000000,91.39400000,148.39
1749265911,147.96000000,127.42800000,148.39
1749265911,147.95000000,266.58100000,148.39
1749265911,147.94000000,129.30700000,148.39
1749265911,147.93000000,242.11000000,148.39
1749265911,147.92000000,187.78900000,148.39
1749265911,147.91000000,33.90700000,148.39
1749265911,147.90000000,1.67300000,148.39
1749265911,147.89000000,64.07000000,148.39
1749265911,147.88000000,0.24200000,148.39
1749265911,147.87000000,234.85700000,148.39
1749265911,147.86000000,16.09300000,148.39
1749265911,147.85000000,658.37500000,148.39
1749265911,147.84000000,101.15000000,148.39
1749265911,147.83000000,704.03700000,148.39
1749265911,147.82000000,33.46100000,148.39
1749265911,147.81000000,3.47700000,148.39
1749265911,147.80000000,50.86800000,148.39
1749265911,147.79000000,113.41800000,148.39
1749265911,147.78000000,84.98600000,148.39
1749265911,147.77000000,10.83100000,148.39
1749265911,147.76000000,425.77600000,148.39
1749265911,147.75000000,17.67200000,148.39
1749265911,147.74000000,35.97000000,148.39
1749265911,147.73000000,17.79200000,148.39
1749265911,147.72000000,174.51800000,148.39
1749265911,147.71000000,0.20300000,148.39
1749265911,147.70000000,695.49000000,148.39
1749265911,147.69000000,0.95400000,148.39
1749265911,147.68000000,717.55600000,148.39
1749265911,147.67000000,894.53300000,148.39
1749265911,147.66000000,40.19900000,148.39
1749265911,147.65000000,27.93600000,148.39
1749265911,147.64000000,36.05800000,148.39
1749265911,147.63000000,30.47900000,148.39
1749265911,147.62000000,34.08000000,148.39
1749265911,147.61000000,4.16700000,148.39
1749265911,147.60000000,37.85200000,148.39
1749265911,147.59000000,5.22300000,148.39
1749265911,147.58000000,42.41700000,148.39
1749265911,147.57000000,1.24100000,148.39
1749265911,147.56000000,40.30900000,148.39
1749265911,147.55000000,1191.92100000,148.39
1749265911,147.54000000,744.37600000,148.39
1749265911,147.53000000,58.16400000,148.39
1749265911,147.52000000,33.85500000,148.39
1749265911,147.51000000,30.82100000,148.39
1749265911,147.50000000,287.74300000,148.39
1749265911,147.49000000,2.80000000,148.39
1749265911,147.48000000,35.72800000,148.39
1749265911,147.47000000,0.76300000,148.39
1749265911,147.46000000,134.99600000,148.39
1749265911,147.45000000,54.59900000,148.39
1749265911,147.44000000,198.68800000,148.39
1749265911,147.43000000,835.70900000,148.39
1749265911,147.42000000,36.65000000,148.39
1749265911,147.41000000,258.89000000,148.39
1749265911,147.40000000,734.21300000,148.39
1749265911,147.39000000,0.60500000,148.39
1749265911,147.38000000,36.49200000,148.39
1749265911,147.37000000,1.24100000,148.39
1749265911,147.36000000,42.19300000,148.39
1749266213,148.83000000,121.25400000,148.84
1749266213,148.82000000,37.37000000,148.84
1749266213,148.81000000,308.75500000,148.84
1749266213,148.80000000,632.04300000,148.84
1749266213,148.79000000,570.87900000,148.84
1749266213,148.78000000,343.85000000,148.84
1749266213,148.77000000,109.07400000,148.84
1749266213,148.76000000,355.93400000,148.84
1749266213,148.75000000,431.89200000,148.84
1749266213,148.74000000,382.60100000,148.84
1749266213,148.73000000,475.32100000,148.84
1749266213,148.72000000,409.56600000,148.84
1749266213,148.71000000,183.36100000,148.84
1749266213,148.70000000,246.79500000,148.84
1749266213,148.69000000,572.48000000,148.84
1749266213,148.68000000,324.57100000,148.84
1749266213,148.67000000,394.68800000,148.84
1749266213,148.66000000,933.02700000,148.84
1749266213,148.65000000,1120.45600000,148.84
1749266213,148.64000000,1161.69400000,148.84
1749266213,148.63000000,777.74100000,148.84
1749266213,148.62000000,639.38200000,148.84
1749266213,148.61000000,729.94500000,148.84
1749266213,148.60000000,931.43700000,148.84
1749266213,148.59000000,1329.99000000,148.84
1749266213,148.58000000,325.21700000,148.84
1749266213,148.57000000,256.36000000,148.84
1749266213,148.56000000,165.54700000,148.84
1749266213,148.55000000,201.52100000,148.84
1749266213,148.54000000,2174.26400000,148.84
1749266213,148.53000000,62.66200000,148.84
1749266213,148.52000000,1585.77200000,148.84
1749266213,148.51000000,63.32700000,148.84
1749266213,148.50000000,144.39200000,148.84
1749266213,148.49000000,92.10300000,148.84
1749266213,148.48000000,147.32400000,148.84
1749266213,148.47000000,72.57800000,148.84
1749266213,148.46000000,85.88200000,148.84
1749266213,148.45000000,311.98000000,148.84
1749266213,148.44000000,338.38000000,148.84
1749266213,148.43000000,57.49300000,148.84
1749266213,148.42000000,127.10600000,148.84
1749266213,148.41000000,68.35500000,148.84
1749266213,148.40000000,106.91900000,148.84
1749266213,148.39000000,14.04000000,148.84
1749266213,148.38000000,35.47300000,148.84
1749266213,148.37000000,2.41300000,148.84
1749266213,148.36000000,101.08700000,148.84
1749266213,148.35000000,18.79700000,148.84
1749266213,148.34000000,47.19400000,148.84
1749266213,148.33000000,101.89800000,148.84
1749266213,148.32000000,68.13700000,148.84
1749266213,148.31000000,0.79700000,148.84
1749266213,148.30000000,14.09000000,148.84
1749266213,148.29000000,108.02000000,148.84
1749266213,148.28000000,3.83400000,148.84
1749266213,148.27000000,10.21700000,148.84
1749266213,148.26000000,104.17100000,148.84
1749266213,148.25000000,704.73100000,148.84
1749266213,148.24000000,827.38900000,148.84
1749266213,148.23000000,45.18200000,148.84
1749266213,148.22000000,12.78500000,148.84
1749266213,148.21000000,29.12300000,148.84
1749266213,148.20000000,92.69200000,148.84
1749266213,148.19000000,86.36700000,148.84
1749266213,148.18000000,46.08600000,148.84
1749266213,148.17000000,38.84900000,148.84
1749266213,148.16000000,36.37100000,148.84
1749266213,148.15000000,124.33000000,148.84
1749266213,148.14000000,53.35400000,148.84
1749266213,148.13000000,59.78100000,148.84
1749266213,148.12000000,0.42200000,148.84
1749266213,148.11000000,676.68800000,148.84
1749266213,148.10000000,45.44600000,148.84
1749266213,148.09000000,282.67800000,148.84
1749266213,148.08000000,2.70700000,148.84
1749266213,148.07000000,675.05100000,148.84
1749266213,148.06000000,3.96100000,148.84
1749266213,148.05000000,32.79600000,148.84
1749266213,148.04000000,60.33000000,148.84
1749266213,148.03000000,60.98600000,148.84
1749266213,148.02000000,0.39400000,148.84
1749266213,148.01000000,10.33100000,148.84
1749266213,148.00000000,48.54000000,148.84
1749266213,147.99000000,924.39800000,148.84
1749266213,147.98000000,59.17400000,148.84
1749266213,147.97000000,711.20300000,148.84
1749266213,147.96000000,0.32700000,148.84
1749266213,147.95000000,211.75700000,148.84
1749266213,147.94000000,2.05200000,148.84
1749266213,147.93000000,87.44100000,148.84
1749266213,147.92000000,933.57600000,148.84
1749266213,147.91000000,33.86800000,148.84
1749266213,147.90000000,0.58200000,148.84
1749266213,147.89000000,34.30400000,148.84
1749266213,147.88000000,257.46900000,148.84
1749266213,147.87000000,33.85100000,148.84
1749266213,147.86000000,11.97900000,148.84
1749266213,147.85000000,83.19700000,148.84
1749266213,147.84000000,195.58700000,148.84
1749266514,148.61000000,271.43100000,148.61
1749266514,148.60000000,148.92300000,148.61
1749266514,148.59000000,74.69000000,148.61
1749266514,148.58000000,259.20800000,148.61
1749266514,148.57000000,694.93900000,148.61
1749266514,148.56000000,1040.10400000,148.61
1749266514,148.55000000,1887.69100000,148.61
1749266514,148.54000000,1077.17200000,148.61
1749266514,148.53000000,1954.34000000,148.61
1749266514,148.52000000,229.70300000,148.61
1749266514,148.51000000,865.38400000,148.61
1749266514,148.50000000,1105.40500000,148.61
1749266514,148.49000000,862.53300000,148.61
1749266514,148.48000000,884.62100000,148.61
1749266514,148.47000000,417.08700000,148.61
1749266514,148.46000000,365.64900000,148.61
1749266514,148.45000000,604.54000000,148.61
1749266514,148.44000000,526.09600000,148.61
1749266514,148.43000000,375.60400000,148.61
1749266514,148.42000000,984.91300000,148.61
1749266514,148.41000000,1806.76200000,148.61
1749266514,148.40000000,548.44100000,148.61
1749266514,148.39000000,437.56300000,148.61
1749266514,148.38000000,872.86600000,148.61
1749266514,148.37000000,1131.39100000,148.61
1749266514,148.36000000,387.03800000,148.61
1749266514,148.35000000,488.26900000,148.61
1749266514,148.34000000,351.01100000,148.61
1749266514,148.33000000,453.76200000,148.61
1749266514,148.32000000,2537.75300000,148.61
1749266514,148.31000000,513.73500000,148.61
1749266514,148.30000000,725.93800000,148.61
1749266514,148.29000000,164.95300000,148.61
1749266514,148.28000000,106.81000000,148.61
1749266514,148.27000000,246.04300000,148.61
1749266514,148.26000000,158.99400000,148.61
1749266514,148.25000000,1376.00200000,148.61
1749266514,148.24000000,142.15800000,148.61
1749266514,148.23000000,60.14400000,148.61
1749266514,148.22000000,68.20000000,148.61
1749266514,148.21000000,97.58000000,148.61
1749266514,148.20000000,227.29600000,148.61
1749266514,148.19000000,58.22500000,148.61
1749266514,148.18000000,31.49400000,148.61
1749266514,148.17000000,0.23400000,148.61
1749266514,148.16000000,890.22400000,148.61
1749266514,148.15000000,220.70200000,148.61
1749266514,148.14000000,53.68900000,148.61
1749266514,148.13000000,53.77500000,148.61
1749266514,148.12000000,0.42200000,148.61
1749266514,148.11000000,680.04200000,148.61
1749266514,148.10000000,51.98100000,148.61
1749266514,148.09000000,2.78100000,148.61
1749266514,148.08000000,104.14000000,148.61
1749266514,148.07000000,0.77900000,148.61
1749266514,148.06000000,33.72700000,148.61
1749266514,148.05000000,32.86400000,148.61
1749266514,148.04000000,161.21500000,148.61
1749266514,148.03000000,30.90900000,148.61
1749266514,148.02000000,1.13800000,148.61
1749266514,148.01000000,10.34500000,148.61
1749266514,148.00000000,746.86200000,148.61
1749266514,147.99000000,38.34000000,148.61
1749266514,147.98000000,31.05900000,148.61
1749266514,147.97000000,1922.05600000,148.61
1749266514,147.96000000,102.55600000,148.61
1749266514,147.95000000,236.68300000,148.61
1749266514,147.94000000,2.12000000,148.61
1749266514,147.93000000,85.93700000,148.61
1749266514,147.92000000,6.08800000,148.61
1749266514,147.91000000,33.93600000,148.61
1749266514,147.90000000,39.57900000,148.61
1749266514,147.89000000,34.37200000,148.61
1749266514,147.88000000,0.91800000,148.61
1749266514,147.87000000,33.88500000,148.61
1749266514,147.86000000,12.04700000,148.61
1749266514,147.85000000,50.67800000,148.61
1749266514,147.84000000,30.43400000,148.61
1749266514,147.83000000,703.63300000,148.61
1749266514,147.82000000,33.75400000,148.61
1749266514,147.81000000,0.14700000,148.61
1749266514,147.80000000,52.90200000,148.61
1749266514,147.79000000,6.80900000,148.61
1749266514,147.78000000,42.96300000,148.61
1749266514,147.77000000,208.36800000,148.61
1749266514,147.76000000,325.72800000,148.61
1749266514,147.75000000,17.14700000,148.61
1749266514,147.74000000,834.56000000,148.61
1749266514,147.73000000,16.62300000,148.61
1749266514,147.72000000,33.48700000,148.61
1749266514,147.71000000,0.13500000,148.61
1749266514,147.70000000,35.42200000,148.61
1749266514,147.69000000,0.29200000,148.61
1749266514,147.68000000,721.10500000,148.61
1749266514,147.67000000,100.66800000,148.61
1749266514,147.66000000,40.13100000,148.61
1749266514,147.65000000,258.47300000,148.61
1749266514,147.64000000,39.66800000,148.61
1749266514,147.63000000,1556.98800000,148.61
1749266514,147.62000000,33.42500000,148.61
1749266816,148.87000000,80.76900000,148.88
1749266816,148.86000000,127.87200000,148.88
1749266816,148.85000000,202.12700000,148.88
1749266816,148.84000000,532.67500000,148.88
1749266816,148.83000000,1047.32700000,148.88
1749266816,148.82000000,777.26400000,148.88
1749266816,148.81000000,881.66800000,148.88
1749266816,148.80000000,777.13800000,148.88
1749266816,148.79000000,390.57300000,148.88
1749266816,148.78000000,182.07100000,148.88
1749266816,148.77000000,584.97900000,148.88
1749266816,148.76000000,1268.91000000,148.88
1749266816,148.75000000,848.95200000,148.88
1749266816,148.74000000,624.95500000,148.88
1749266816,148.73000000,718.46300000,148.88
1749266816,148.72000000,127.78500000,148.88
1749266816,148.71000000,384.64400000,148.88
1749266816,148.70000000,629.14000000,148.88
1749266816,148.69000000,669.53100000,148.88
1749266816,148.68000000,1057.69400000,148.88
1749266816,148.67000000,748.53000000,148.88
1749266816,148.66000000,780.45400000,148.88
1749266816,148.65000000,1177.26500000,148.88
1749266816,148.64000000,525.50300000,148.88
1749266816,148.63000000,1255.11900000,148.88
1749266816,148.62000000,809.80700000,148.88
1749266816,148.61000000,1504.08300000,148.88
1749266816,148.60000000,1579.35100000,148.88
1749266816,148.59000000,285.40800000,148.88
1749266816,148.58000000,203.79700000,148.88
1749266816,148.57000000,369.06300000,148.88
1749266816,148.56000000,270.27400000,148.88
1749266816,148.55000000,1642.81600000,148.88
1749266816,148.54000000,89.80900000,148.88
1749266816,148.53000000,2247.82200000,148.88
1749266816,148.52000000,72.72100000,148.88
1749266816,148.51000000,170.16200000,148.88
1749266816,148.50000000,98.97000000,148.88
1749266816,148.49000000,92.55000000,148.88
1749266816,148.48000000,65.41500000,148.88
1749266816,148.47000000,452.64900000,148.88
1749266816,148.46000000,1422.89900000,148.88
1749266816,148.45000000,163.39100000,148.88
1749266816,148.44000000,145.62100000,148.88
1749266816,148.43000000,75.46500000,148.88
1749266816,148.42000000,70.24300000,148.88
1749266816,148.41000000,100.91900000,148.88
1749266816,148.40000000,39.77400000,148.88
1749266816,148.39000000,673.83900000,148.88
1749266816,148.38000000,136.29000000,148.88
1749266816,148.37000000,2.03000000,148.88
1749266816,148.36000000,33.57000000,148.88
1749266816,148.35000000,46.69500000,148.88
1749266816,148.34000000,46.37400000,148.88
1749266816,148.33000000,0.74600000,148.88
1749266816,148.32000000,114.89700000,148.88
1749266816,148.31000000,1.21800000,148.88
1749266816,148.30000000,640.83800000,148.88
1749266816,148.29000000,107.56300000,148.88
1749266816,148.28000000,35.53200000,148.88
1749266816,148.27000000,3.44000000,148.88
1749266816,148.26000000,3.49800000,148.88
1749266816,148.25000000,705.07800000,148.88
1749266816,148.24000000,120.81300000,148.88
1749266816,148.23000000,2.67200000,148.88
1749266816,148.22000000,12.32700000,148.88
1749266816,148.21000000,40.30300000,148.88
1749266816,148.20000000,104.42600000,148.88
1749266816,148.19000000,0.74200000,148.88
1749266816,148.18000000,31.15700000,148.88
1749266816,148.17000000,1.61200000,148.88
1749266816,148.16000000,896.95100000,148.88
1749266816,148.15000000,120.40000000,148.88
1749266816,148.14000000,54.93800000,148.88
1749266816,148.13000000,53.77500000,148.88
1749266816,148.12000000,1.12500000,148.88
1749266816,148.11000000,676.65800000,148.88
1749266816,148.10000000,38.21900000,148.88
1749266816,148.09000000,1.48200000,148.88
1749266816,148.08000000,37.44200000,148.88
1749266816,148.07000000,0.71100000,148.88
1749266816,148.06000000,63.85800000,148.88
1749266816,148.05000000,824.79600000,148.88
1749266816,148.04000000,60.33000000,148.88
1749266816,148.03000000,825.25200000,148.88
1749266816,148.02000000,0.63000000,148.88
1749266816,148.01000000,112.63200000,148.88
1749266816,148.00000000,88.66900000,148.88
1749266816,147.99000000,33.78800000,148.88
1749266816,147.98000000,30.31500000,148.88
1749266816,147.97000000,1881.99200000,148.88
1749266816,147.96000000,258.21300000,148.88
1749266816,147.95000000,377.03600000,148.88
1749266816,147.94000000,35.09200000,148.88
1749266816,147.93000000,1608.77300000,148.88
1749266816,147.92000000,2.48000000,148.88
1749266816,147.91000000,33.86800000,148.88
1749266816,147.90000000,0.58200000,148.88
1749266816,147.89000000,34.34200000,148.88
1749266816,147.88000000,0.17400000,148.88
1749267118,148.62000000,253.44300000,148.62
1749267118,148.61000000,144.30300000,148.62
1749267118,148.60000000,253.41600000,148.62
1749267118,148.59000000,281.91100000,148.62
1749267118,148.58000000,689.36700000,148.62
1749267118,148.57000000,692.14200000,148.62
1749267118,148.56000000,751.90700000,148.62
1749267118,148.55000000,2233.59900000,148.62
1749267118,148.54000000,2111.90300000,148.62
1749267118,148.53000000,2180.20300000,148.62
1749267118,148.52000000,130.52100000,148.62
1749267118,148.51000000,269.50800000,148.62
1749267118,148.50000000,392.35400000,148.62
1749267118,148.49000000,305.25900000,148.62
1749267118,148.48000000,431.14500000,148.62
1749267118,148.47000000,319.62100000,148.62
1749267118,148.46000000,436.14500000,148.62
1749267118,148.45000000,807.88700000,148.62
1749267118,148.44000000,635.83100000,148.62
1749267118,148.43000000,794.76500000,148.62
1749267118,148.42000000,857.74500000,148.62
1749267118,148.41000000,1084.00900000,148.62
1749267118,148.40000000,805.95600000,148.62
1749267118,148.39000000,991.23000000,148.62
1749267118,148.38000000,1291.67200000,148.62
1749267118,148.37000000,823.82800000,148.62
1749267118,148.36000000,566.61500000,148.62
1749267118,148.35000000,516.29400000,148.62
1749267118,148.34000000,351.26800000,148.62
1749267118,148.33000000,289.87300000,148.62
1749267118,148.32000000,1006.79400000,148.62
1749267118,148.31000000,108.71600000,148.62
1749267118,148.30000000,1199.73000000,148.62
1749267118,148.29000000,333.19800000,148.62
1749267118,148.28000000,241.94700000,148.62
1749267118,148.27000000,430.87400000,148.62
1749267118,148.26000000,393.32700000,148.62
1749267118,148.25000000,696.13400000,148.62
1749267118,148.24000000,147.25200000,148.62
1749267118,148.23000000,60.14400000,148.62
1749267118,148.22000000,97.41900000,148.62
1749267118,148.21000000,105.40000000,148.62
1749267118,148.20000000,164.10600000,148.62
1749267118,148.19000000,101.55900000,148.62
1749267118,148.18000000,31.15700000,148.62
1749267118,148.17000000,0.23400000,148.62
1749267118,148.16000000,893.87400000,148.62
1749267118,148.15000000,109.88700000,148.62
1749267118,148.14000000,53.44500000,148.62
1749267118,148.13000000,53.77500000,148.62
1749267118,148.12000000,14.56500000,148.62
1749267118,148.11000000,676.72600000,148.62
1749267118,148.10000000,45.15300000,148.62
1749267118,148.09000000,4.77200000,148.62
1749267118,148.08000000,107.08300000,148.62
1749267118,148.07000000,0.77900000,148.62
1749267118,148.06000000,33.72700000,148.62
1749267118,148.05000000,33.42400000,148.62
1749267118,148.04000000,62.00300000,148.62
1749267118,148.03000000,33.32000000,148.62
1749267118,148.02000000,1205.72300000,148.62
1749267118,148.01000000,670.34500000,148.62
1749267118,148.00000000,81.97100000,148.62
1749267118,147.99000000,34.53200000,148.62
1749267118,147.98000000,30.38300000,148.62
1749267118,147.97000000,738.04300000,148.62
1749267118,147.96000000,111.25100000,148.62
1749267118,147.95000000,208.37200000,148.62
1749267118,147.94000000,10.24200000,148.62
1749267118,147.93000000,1609.17300000,148.62
1749267118,147.92000000,32.03600000,148.62
1749267118,147.91000000,35.43100000,148.62
1749267118,147.90000000,0.31800000,148.62
1749267118,147.89000000,34.41000000,148.62
1749267118,147.88000000,0.91800000,148.62
1749267118,147.87000000,33.88500000,148.62
1749267118,147.86000000,11.89300000,148.62
1749267118,147.85000000,52.18400000,148.62
1749267118,147.84000000,132.38900000,148.62
1749267118,147.83000000,703.61800000,148.62
1749267118,147.82000000,64.83300000,148.62
1749267118,147.81000000,0.82400000,148.62
1749267118,147.80000000,52.90200000,148.62
1749267118,147.79000000,6.80900000,148.62
1749267118,147.78000000,42.96300000,148.62
1749267118,147.77000000,175.24200000,148.62
1749267118,147.76000000,325.22900000,148.62
1749267118,147.75000000,809.06400000,148.62
1749267118,147.74000000,42.56000000,148.62
1749267118,147.73000000,16.62300000,148.62
1749267118,147.72000000,33.52100000,148.62
1749267118,147.71000000,257.87500000,148.62
1749267118,147.70000000,35.38400000,148.62
1749267118,147.69000000,33.33200000,148.62
1749267118,147.68000000,687.88300000,148.62
1749267118,147.67000000,0.65100000,148.62
1749267118,147.66000000,41.23800000,148.62
1749267118,147.65000000,0.77700000,148.62
1749267118,147.64000000,6.28500000,148.62
1749267118,147.63000000,32.22400000,148.62
1749267419,148.87000000,27.69500000,148.88
1749267419,148.86000000,25.06000000,148.88
1749267419,148.85000000,98.23800000,148.88
1749267419,148.84000000,347.22700000,148.88
1749267419,148.83000000,729.52800000,148.88
1749267419,148.82000000,863.39200000,148.88
1749267419,148.81000000,428.00000000,148.88
1749267419,148.80000000,382.81600000,148.88
1749267419,148.79000000,271.21800000,148.88
1749267419,148.78000000,337.64600000,148.88
1749267419,148.77000000,722.79500000,148.88
1749267419,148.76000000,274.55200000,148.88
1749267419,148.75000000,376.43500000,148.88
1749267419,148.74000000,418.72100000,148.88
1749267419,148.73000000,375.47300000,148.88
1749267419,148.72000000,546.39900000,148.88
1749267419,148.71000000,822.81100000,148.88
1749267419,148.70000000,284.13700000,148.88
1749267419,148.69000000,301.16200000,148.88
1749267419,148.68000000,1077.94100000,148.88
1749267419,148.67000000,917.28000000,148.88
1749267419,148.66000000,1016.83000000,148.88
1749267419,148.65000000,1063.85000000,148.88
1749267419,148.64000000,1368.10000000,148.88
1749267419,148.63000000,933.42800000,148.88
1749267419,148.62000000,854.66100000,148.88
1749267419,148.61000000,429.76000000,148.88
1749267419,148.60000000,1094.63400000,148.88
1749267419,148.59000000,2242.10800000,148.88
1749267419,148.58000000,242.80800000,148.88
1749267419,148.57000000,554.96400000,148.88
1749267419,148.56000000,902.91000000,148.88
1749267419,148.55000000,2827.43300000,148.88
1749267419,148.54000000,562.05800000,148.88
1749267419,148.53000000,1834.91400000,148.88
1749267419,148.52000000,61.44200000,148.88
1749267419,148.51000000,126.22400000,148.88
1749267419,148.50000000,574.85900000,148.88
1749267419,148.49000000,99.54600000,148.88
1749267419,148.48000000,74.96100000,148.88
1749267419,148.47000000,73.63900000,148.88
1749267419,148.46000000,240.00300000,148.88
1749267419,148.45000000,162.42900000,148.88
1749267419,148.44000000,137.26300000,148.88
1749267419,148.43000000,14.54800000,148.88
1749267419,148.42000000,87.87900000,148.88
1749267419,148.41000000,119.08600000,148.88
1749267419,148.40000000,46.84700000,148.88
1749267419,148.39000000,673.76800000,148.88
