timestamp,price,volume,current_price
1749258388,0.12900000,72102.22000000,0.1291
1749258388,0.12890000,95237.87000000,0.1291
1749258388,0.12880000,55153.97000000,0.1291
1749258388,0.12870000,61302.38000000,0.1291
1749258388,0.12860000,54726.18000000,0.1291
1749258388,0.12850000,68571.54000000,0.1291
1749258388,0.12840000,275128.47000000,0.1291
1749258388,0.12830000,34653.99000000,0.1291
1749258388,0.12820000,13542.60000000,0.1291
1749258388,0.12810000,32039.26000000,0.1291
1749258388,0.12800000,11425.32000000,0.1291
1749258388,0.12790000,44923.11000000,0.1291
1749258388,0.12780000,23994.87000000,0.1291
1749258388,0.12770000,191431.20000000,0.1291
1749258388,0.12760000,17435.58000000,0.1291
1749258388,0.12750000,8327.51000000,0.1291
1749258388,0.12740000,7478.21000000,0.1291
1749258388,0.12730000,28166.75000000,0.1291
1749258388,0.12720000,16174.73000000,0.1291
1749258388,0.12710000,166055.48000000,0.1291
1749258388,0.12700000,91777.60000000,0.1291
1749258388,0.12690000,8283.18000000,0.1291
1749258388,0.12680000,25330.75000000,0.1291
1749258388,0.12670000,8285.26000000,0.1291
1749258388,0.12660000,9585.06000000,0.1291
1749258388,0.12650000,8363.01000000,0.1291
1749258388,0.12640000,12346.94000000,0.1291
1749258388,0.12630000,8596.64000000,0.1291
1749258388,0.12620000,31480.42000000,0.1291
1749258388,0.12610000,9522.60000000,0.1291
1749258388,0.12600000,9290.74000000,0.1291
1749258388,0.12590000,10151.14000000,0.1291
1749258388,0.12580000,1596.85000000,0.1291
1749258388,0.12570000,337.75000000,0.1291
1749258388,0.12560000,176.71000000,0.1291
1749258388,0.12550000,136.71000000,0.1291
1749258388,0.12540000,4087.71000000,0.1291
1749258388,0.12530000,178.65000000,0.1291
1749258388,0.12520000,358.58000000,0.1291
1749258388,0.12510000,119.98000000,0.1291
1749258388,0.12500000,12329.60000000,0.1291
1749258388,0.12490000,119.75000000,0.1291
1749258388,0.12480000,122.68000000,0.1291
1749258388,0.12470000,121.62000000,0.1291
1749258388,0.12460000,13041.13000000,0.1291
1749258388,0.12450000,13109.88000000,0.1291
1749258388,0.12440000,77.81000000,0.1291
1749258388,0.12430000,8971.18000000,0.1291
1749258388,0.12420000,119.75000000,0.1291
1749258388,0.12410000,6812.91000000,0.1291
1749258388,0.12400000,7204.97000000,0.1291
1749258388,0.12390000,77.81000000,0.1291
1749258388,0.12380000,2235.09000000,0.1291
1749258388,0.12370000,77.81000000,0.1291
1749258388,0.12360000,77.81000000,0.1291
1749258388,0.12350000,77.81000000,0.1291
1749258388,0.12340000,119.75000000,0.1291
1749258388,0.12330000,3814.72000000,0.1291
1749258388,0.12320000,3452.72000000,0.1291
1749258388,0.12310000,441.81000000,0.1291
1749258388,0.12300000,2399.15000000,0.1291
1749258388,0.12290000,119.96000000,0.1291
1749258388,0.12280000,77.81000000,0.1291
1749258388,0.12270000,428.95000000,0.1291
1749258388,0.12260000,935.41000000,0.1291
1749258388,0.12250000,611.40000000,0.1291
1749258388,0.12240000,1148.22000000,0.1291
1749258388,0.12230000,504.57000000,0.1291
1749258388,0.12220000,1756.41000000,0.1291
1749258388,0.12210000,517.43000000,0.1291
1749258388,0.12200000,161110.16000000,0.1291
1749258388,0.12190000,7632.81000000,0.1291
1749258388,0.12180000,4224.84000000,0.1291
1749258388,0.12170000,77.27000000,0.1291
1749258388,0.12160000,120.33000000,0.1291
1749258388,0.12150000,10440.64000000,0.1291
1749258388,0.12140000,160.63000000,0.1291
1749258388,0.12130000,287.09000000,0.1291
1749258388,0.12110000,4646.99000000,0.1291
1749258388,0.12100000,4807.13000000,0.1291
1749258388,0.12080000,4084.64000000,0.1291
1749258388,0.12070000,37324.45000000,0.1291
1749258388,0.12050000,42323.70000000,0.1291
1749258388,0.12040000,249.17000000,0.1291
1749258388,0.12030000,41604.69000000,0.1291
1749258388,0.12020000,641.08000000,0.1291
1749258388,0.12010000,42140.03000000,0.1291
1749258388,0.12000000,71499.68000000,0.1291
1749258388,0.11990000,117.24000000,0.1291
1749258388,0.11980000,5325.37000000,0.1291
1749258388,0.11960000,152.54000000,0.1291
1749258388,0.11950000,106.00000000,0.1291
1749258388,0.11930000,210.02000000,0.1291
1749258388,0.11910000,4198.15000000,0.1291
1749258388,0.11900000,2918.53000000,0.1291
1749258388,0.11890000,376.86000000,0.1291
1749258388,0.11880000,4685.51000000,0.1291
1749258388,0.11850000,1370.48000000,0.1291
1749258388,0.11840000,95.64000000,0.1291
1749258388,0.11830000,204.65000000,0.1291
1749258704,0.12880000,57762.97000000,0.1288
1749258704,0.12870000,58850.51000000,0.1288
1749258704,0.12860000,106863.28000000,0.1288
1749258704,0.12850000,96690.61000000,0.1288
1749258704,0.12840000,48317.13000000,0.1288
1749258704,0.12830000,30825.70000000,0.1288
1749258704,0.12820000,278507.26000000,0.1288
1749258704,0.12810000,77940.22000000,0.1288
1749258704,0.12800000,14216.75000000,0.1288
1749258704,0.12790000,24024.41000000,0.1288
1749258704,0.12780000,15802.63000000,0.1288
1749258704,0.12770000,53718.42000000,0.1288
1749258704,0.12760000,168938.43000000,0.1288
1749258704,0.12750000,9585.08000000,0.1288
1749258704,0.12740000,12523.67000000,0.1288
1749258704,0.12730000,33453.76000000,0.1288
1749258704,0.12720000,16368.90000000,0.1288
1749258704,0.12710000,7969.24000000,0.1288
1749258704,0.12700000,114239.92000000,0.1288
1749258704,0.12690000,39363.21000000,0.1288
1749258704,0.12680000,8463.61000000,0.1288
1749258704,0.12670000,134327.26000000,0.1288
1749258704,0.12660000,9585.06000000,0.1288
1749258704,0.12650000,8363.01000000,0.1288
1749258704,0.12640000,12348.48000000,0.1288
1749258704,0.12630000,8596.64000000,0.1288
1749258704,0.12620000,24854.21000000,0.1288
1749258704,0.12610000,19040.85000000,0.1288
1749258704,0.12600000,10724.50000000,0.1288
1749258704,0.12590000,6314.47000000,0.1288
1749258704,0.12580000,1596.85000000,0.1288
1749258704,0.12570000,4183.36000000,0.1288
1749258704,0.12560000,176.71000000,0.1288
1749258704,0.12550000,136.71000000,0.1288
1749258704,0.12540000,4087.71000000,0.1288
1749258704,0.12530000,178.65000000,0.1288
1749258704,0.12520000,358.58000000,0.1288
1749258704,0.12510000,6780.11000000,0.1288
1749258704,0.12500000,13761.53000000,0.1288
1749258704,0.12490000,119.75000000,0.1288
1749258704,0.12480000,122.68000000,0.1288
1749258704,0.12470000,121.62000000,0.1288
1749258704,0.12460000,13041.13000000,0.1288
1749258704,0.12450000,13109.88000000,0.1288
1749258704,0.12440000,77.81000000,0.1288
1749258704,0.12430000,8971.18000000,0.1288
1749258704,0.12420000,119.75000000,0.1288
1749258704,0.12410000,3407.87000000,0.1288
1749258704,0.12400000,5698.43000000,0.1288
1749258704,0.12390000,1585.57000000,0.1288
1749258704,0.12380000,2235.09000000,0.1288
1749258704,0.12370000,77.81000000,0.1288
1749258704,0.12360000,77.81000000,0.1288
1749258704,0.12350000,77.81000000,0.1288
1749258704,0.12340000,119.75000000,0.1288
1749258704,0.12330000,3814.72000000,0.1288
1749258704,0.12320000,77.81000000,0.1288
1749258704,0.12310000,441.81000000,0.1288
1749258704,0.12300000,2399.15000000,0.1288
1749258704,0.12290000,119.96000000,0.1288
1749258704,0.12280000,77.81000000,0.1288
1749258704,0.12270000,428.95000000,0.1288
1749258704,0.12260000,935.41000000,0.1288
1749258704,0.12250000,611.40000000,0.1288
1749258704,0.12240000,1148.22000000,0.1288
1749258704,0.12230000,504.57000000,0.1288
1749258704,0.12220000,1756.41000000,0.1288
1749258704,0.12210000,517.43000000,0.1288
1749258704,0.12200000,161110.16000000,0.1288
1749258704,0.12190000,7632.81000000,0.1288
1749258704,0.12180000,4224.84000000,0.1288
1749258704,0.12170000,77.27000000,0.1288
1749258704,0.12160000,120.33000000,0.1288
1749258704,0.12150000,10440.64000000,0.1288
1749258704,0.12140000,238.08000000,0.1288
1749258704,0.12130000,364.60000000,0.1288
1749258704,0.12110000,4646.99000000,0.1288
1749258704,0.12100000,4807.13000000,0.1288
1749258704,0.12080000,4084.64000000,0.1288
1749258704,0.12070000,37324.45000000,0.1288
1749258704,0.12050000,42323.70000000,0.1288
1749258704,0.12040000,249.17000000,0.1288
1749258704,0.12030000,41604.69000000,0.1288
1749258704,0.12020000,641.08000000,0.1288
1749258704,0.12010000,42140.03000000,0.1288
1749258704,0.12000000,71499.68000000,0.1288
1749258704,0.11990000,117.24000000,0.1288
1749258704,0.11980000,5325.37000000,0.1288
1749258704,0.11960000,152.54000000,0.1288
1749258704,0.11950000,106.00000000,0.1288
1749258704,0.11930000,210.02000000,0.1288
1749258704,0.11910000,4198.15000000,0.1288
1749258704,0.11900000,2918.53000000,0.1288
1749258704,0.11890000,376.86000000,0.1288
1749258704,0.11880000,4685.51000000,0.1288
1749258704,0.11850000,1370.48000000,0.1288
1749258704,0.11840000,95.64000000,0.1288
1749258704,0.11830000,204.65000000,0.1288
1749258704,0.11820000,150.00000000,0.1288
1749258704,0.11810000,21559.18000000,0.1288
1749259006,0.12880000,57842.51000000,0.1289
1749259006,0.12870000,102832.32000000,0.1289
1749259006,0.12860000,33539.85000000,0.1289
1749259006,0.12850000,84329.11000000,0.1289
1749259006,0.12840000,73876.14000000,0.1289
1749259006,0.12830000,272714.90000000,0.1289
1749259006,0.12820000,13326.32000000,0.1289
1749259006,0.12810000,28254.75000000,0.1289
1749259006,0.12800000,11608.43000000,0.1289
1749259006,0.12790000,28372.45000000,0.1289
1749259006,0.12780000,15802.63000000,0.1289
1749259006,0.12770000,223236.45000000,0.1289
1749259006,0.12760000,10102.15000000,0.1289
1749259006,0.12750000,8327.51000000,0.1289
1749259006,0.12740000,40038.68000000,0.1289
1749259006,0.12730000,24021.81000000,0.1289
1749259006,0.12720000,20179.41000000,0.1289
1749259006,0.12710000,7969.24000000,0.1289
1749259006,0.12700000,236472.99000000,0.1289
1749259006,0.12690000,8283.18000000,0.1289
1749259006,0.12680000,8269.44000000,0.1289
1749259006,0.12670000,8285.26000000,0.1289
1749259006,0.12660000,21243.82000000,0.1289
1749259006,0.12650000,8363.01000000,0.1289
1749259006,0.12640000,10802.25000000,0.1289
1749259006,0.12630000,8270.05000000,0.1289
1749259006,0.12620000,14199.14000000,0.1289
1749259006,0.12610000,16295.85000000,0.1289
1749259006,0.12600000,7015.98000000,0.1289
1749259006,0.12590000,6314.47000000,0.1289
1749259006,0.12580000,5438.69000000,0.1289
1749259006,0.12570000,337.75000000,0.1289
1749259006,0.12560000,176.71000000,0.1289
1749259006,0.12550000,136.71000000,0.1289
1749259006,0.12540000,4087.71000000,0.1289
1749259006,0.12530000,3952.66000000,0.1289
1749259006,0.12520000,358.58000000,0.1289
1749259006,0.12510000,6780.11000000,0.1289
1749259006,0.12500000,15192.96000000,0.1289
1749259006,0.12490000,119.75000000,0.1289
1749259006,0.12480000,122.68000000,0.1289
1749259006,0.12470000,121.62000000,0.1289
1749259006,0.12460000,13041.13000000,0.1289
1749259006,0.12450000,13109.88000000,0.1289
1749259006,0.12440000,77.81000000,0.1289
1749259006,0.12430000,8971.18000000,0.1289
1749259006,0.12420000,119.75000000,0.1289
1749259006,0.12410000,3407.87000000,0.1289
1749259006,0.12400000,5698.43000000,0.1289
1749259006,0.12390000,1585.57000000,0.1289
1749259006,0.12380000,2235.09000000,0.1289
1749259006,0.12370000,77.81000000,0.1289
1749259006,0.12360000,77.81000000,0.1289
1749259006,0.12350000,77.81000000,0.1289
1749259006,0.12340000,119.75000000,0.1289
1749259006,0.12330000,3814.72000000,0.1289
1749259006,0.12320000,77.81000000,0.1289
1749259006,0.12310000,441.81000000,0.1289
1749259006,0.12300000,2399.15000000,0.1289
1749259006,0.12290000,119.96000000,0.1289
1749259006,0.12280000,77.81000000,0.1289
1749259006,0.12270000,428.95000000,0.1289
1749259006,0.12260000,935.41000000,0.1289
1749259006,0.12250000,611.40000000,0.1289
1749259006,0.12240000,1148.22000000,0.1289
1749259006,0.12230000,504.57000000,0.1289
1749259006,0.12220000,1756.41000000,0.1289
1749259006,0.12210000,517.43000000,0.1289
1749259006,0.12200000,161110.16000000,0.1289
1749259006,0.12190000,7632.81000000,0.1289
1749259006,0.12180000,4224.30000000,0.1289
1749259006,0.12170000,77.33000000,0.1289
1749259006,0.12160000,120.33000000,0.1289
1749259006,0.12150000,10440.64000000,0.1289
1749259006,0.12140000,238.08000000,0.1289
1749259006,0.12130000,364.60000000,0.1289
1749259006,0.12110000,4646.99000000,0.1289
1749259006,0.12100000,4807.13000000,0.1289
1749259006,0.12080000,4084.64000000,0.1289
1749259006,0.12070000,37324.45000000,0.1289
1749259006,0.12050000,42823.70000000,0.1289
1749259006,0.12040000,249.17000000,0.1289
1749259006,0.12030000,41604.69000000,0.1289
1749259006,0.12020000,641.08000000,0.1289
1749259006,0.12010000,42140.03000000,0.1289
1749259006,0.12000000,71499.68000000,0.1289
1749259006,0.11990000,117.24000000,0.1289
1749259006,0.11980000,5325.37000000,0.1289
1749259006,0.11960000,152.54000000,0.1289
1749259006,0.11950000,106.00000000,0.1289
1749259006,0.11930000,210.02000000,0.1289
1749259006,0.11910000,4198.15000000,0.1289
1749259006,0.11900000,2918.53000000,0.1289
1749259006,0.11890000,376.86000000,0.1289
1749259006,0.11880000,4685.51000000,0.1289
1749259006,0.11850000,1370.48000000,0.1289
1749259006,0.11840000,95.64000000,0.1289
1749259006,0.11830000,204.65000000,0.1289
1749259006,0.11820000,150.00000000,0.1289
1749259006,0.11810000,21559.18000000,0.1289
