timestamp,price,volume,current_price
1749260701,0.64500000,22807.40000000,0.645
1749260701,0.64400000,113734.70000000,0.645
1749260701,0.64300000,62982.20000000,0.645
1749260701,0.64200000,21322.40000000,0.645
1749260701,0.64100000,40324.70000000,0.645
1749260701,0.64000000,35099.90000000,0.645
1749260701,0.63900000,44121.60000000,0.645
1749260701,0.63800000,13355.70000000,0.645
1749260701,0.63700000,23741.80000000,0.645
1749260701,0.63600000,43492.00000000,0.645
1749260701,0.63500000,27143.70000000,0.645
1749260701,0.63400000,6754.30000000,0.645
1749260701,0.63300000,23658.80000000,0.645
1749260701,0.63200000,25492.10000000,0.645
1749260701,0.63100000,4801.70000000,0.645
1749260701,0.63000000,2483.20000000,0.645
1749260701,0.62900000,1355.30000000,0.645
1749260701,0.62800000,6392.60000000,0.645
1749260701,0.62700000,9006.40000000,0.645
1749260701,0.62600000,1968.50000000,0.645
1749260701,0.62500000,1490.70000000,0.645
1749260701,0.62400000,1755.00000000,0.645
1749260701,0.62300000,981.50000000,0.645
1749260701,0.62200000,7257.50000000,0.645
1749260701,0.62100000,6468.30000000,0.645
1749260701,0.62000000,2979.60000000,0.645
1749260701,0.61900000,1004.70000000,0.645
1749260701,0.61800000,9302.50000000,0.645
1749260701,0.61700000,2766.50000000,0.645
1749260701,0.61600000,491.20000000,0.645
1749260701,0.61500000,324.70000000,0.645
1749260701,0.61400000,62.40000000,0.645
1749260701,0.61300000,1219.30000000,0.645
1749260701,0.61200000,3007.70000000,0.645
1749260701,0.61100000,65.80000000,0.645
1749260701,0.61000000,2733.50000000,0.645
1749260701,0.60900000,835.30000000,0.645
1749260701,0.60800000,15.80000000,0.645
1749260701,0.60700000,4535.40000000,0.645
1749260701,0.60600000,63.40000000,0.645
1749260701,0.60500000,113.50000000,0.645
1749260701,0.60400000,340.90000000,0.645
1749260701,0.60300000,285.20000000,0.645
1749260701,0.60200000,529.90000000,0.645
1749260701,0.60100000,85.50000000,0.645
1749260701,0.60000000,21643.20000000,0.645
1749260701,0.59900000,376.00000000,0.645
1749260701,0.59800000,27.80000000,0.645
1749260701,0.59700000,91.30000000,0.645
1749260701,0.59600000,32.60000000,0.645
1749260701,0.59500000,6288.70000000,0.645
1749260701,0.59400000,15.80000000,0.645
1749260701,0.59300000,15.80000000,0.645
1749260701,0.59200000,15.10000000,0.645
1749260701,0.59100000,35.50000000,0.645
1749260701,0.59000000,826.60000000,0.645
1749260701,0.58900000,38.10000000,0.645
1749260701,0.58800000,298.00000000,0.645
1749260701,0.58700000,35.20000000,0.645
1749260701,0.58600000,18643.60000000,0.645
1749260701,0.58500000,15.30000000,0.645
1749260701,0.58400000,40.30000000,0.645
1749260701,0.58300000,888.20000000,0.645
1749260701,0.58200000,115.40000000,0.645
1749260701,0.58100000,1045.80000000,0.645
1749260701,0.58000000,4873.50000000,0.645
1749260701,0.57900000,25.40000000,0.645
1749260701,0.57800000,288.50000000,0.645
1749260701,0.57700000,207.50000000,0.645
1749260701,0.57600000,89.20000000,0.645
1749260701,0.57500000,24.40000000,0.645
1749260701,0.57400000,1474.10000000,0.645
1749260701,0.57200000,31.70000000,0.645
1749260701,0.57100000,109.40000000,0.645
1749260701,0.57000000,1316.20000000,0.645
1749260701,0.56800000,2640.80000000,0.645
1749260701,0.56700000,50.00000000,0.645
1749260701,0.56500000,183.20000000,0.645
1749260701,0.56400000,9.00000000,0.645
1749260701,0.56300000,50.50000000,0.645
1749260701,0.56200000,19.50000000,0.645
1749260701,0.56100000,516.10000000,0.645
1749260701,0.56000000,13250.10000000,0.645
1749260701,0.55800000,217.60000000,0.645
1749260701,0.55600000,43.70000000,0.645
1749260701,0.55500000,108.70000000,0.645
1749260701,0.55200000,14.40000000,0.645
1749260701,0.55000000,4762.60000000,0.645
1749260701,0.54900000,553.50000000,0.645
1749260701,0.54700000,21.90000000,0.645
1749260701,0.54600000,8926.90000000,0.645
1749260701,0.54500000,250.00000000,0.645
1749260701,0.54400000,252.30000000,0.645
1749260701,0.54200000,178.20000000,0.645
1749260701,0.54000000,2208.60000000,0.645
1749260701,0.53700000,15.80000000,0.645
1749260701,0.53600000,18.60000000,0.645
1749260701,0.53500000,1408.30000000,0.645
1749260701,0.53200000,235.90000000,0.645
1749260701,0.53000000,5848.90000000,0.645
1749261020,0.64600000,5431.60000000,0.647
1749261020,0.64500000,124291.50000000,0.647
1749261020,0.64400000,102124.30000000,0.647
1749261020,0.64300000,53735.90000000,0.647
1749261020,0.64200000,34449.60000000,0.647
1749261020,0.64100000,20691.80000000,0.647
1749261020,0.64000000,33686.80000000,0.647
1749261020,0.63900000,20158.40000000,0.647
1749261020,0.63800000,13598.20000000,0.647
1749261020,0.63700000,28637.40000000,0.647
1749261020,0.63600000,19271.20000000,0.647
1749261020,0.63500000,24031.20000000,0.647
1749261020,0.63400000,9274.40000000,0.647
1749261020,0.63300000,20799.90000000,0.647
1749261020,0.63200000,2540.70000000,0.647
1749261020,0.63100000,2199.80000000,0.647
1749261020,0.63000000,6993.30000000,0.647
1749261020,0.62900000,4446.50000000,0.647
1749261020,0.62800000,5111.30000000,0.647
1749261020,0.62700000,2668.00000000,0.647
1749261020,0.62600000,1921.00000000,0.647
1749261020,0.62500000,8519.30000000,0.647
1749261020,0.62400000,1584.60000000,0.647
1749261020,0.62300000,981.50000000,0.647
1749261020,0.62200000,11325.00000000,0.647
1749261020,0.62100000,1003.10000000,0.647
1749261020,0.62000000,3801.10000000,0.647
1749261020,0.61900000,59.70000000,0.647
1749261020,0.61800000,7023.90000000,0.647
1749261020,0.61700000,282.70000000,0.647
1749261020,0.61600000,2986.50000000,0.647
1749261020,0.61500000,324.70000000,0.647
1749261020,0.61400000,875.30000000,0.647
1749261020,0.61300000,1219.30000000,0.647
1749261020,0.61200000,27.80000000,0.647
1749261020,0.61100000,65.80000000,0.647
1749261020,0.61000000,2733.50000000,0.647
1749261020,0.60900000,15.80000000,0.647
1749261020,0.60800000,15.80000000,0.647
1749261020,0.60700000,4535.40000000,0.647
1749261020,0.60600000,63.40000000,0.647
1749261020,0.60500000,113.50000000,0.647
1749261020,0.60400000,116.40000000,0.647
1749261020,0.60300000,285.20000000,0.647
1749261020,0.60200000,529.90000000,0.647
1749261020,0.60100000,311.10000000,0.647
1749261020,0.60000000,21643.20000000,0.647
1749261020,0.59900000,376.00000000,0.647
1749261020,0.59800000,27.80000000,0.647
1749261020,0.59700000,91.30000000,0.647
1749261020,0.59600000,32.60000000,0.647
1749261020,0.59500000,5617.60000000,0.647
1749261020,0.59400000,15.80000000,0.647
1749261020,0.59300000,15.80000000,0.647
1749261020,0.59200000,15.10000000,0.647
1749261020,0.59100000,35.50000000,0.647
1749261020,0.59000000,826.60000000,0.647
1749261020,0.58900000,38.10000000,0.647
1749261020,0.58800000,298.00000000,0.647
1749261020,0.58700000,35.20000000,0.647
1749261020,0.58600000,18643.60000000,0.647
1749261020,0.58500000,15.30000000,0.647
1749261020,0.58400000,40.30000000,0.647
1749261020,0.58300000,888.20000000,0.647
1749261020,0.58200000,115.40000000,0.647
1749261020,0.58100000,1083.40000000,0.647
1749261020,0.58000000,4873.50000000,0.647
1749261020,0.57900000,25.40000000,0.647
1749261020,0.57800000,288.50000000,0.647
1749261020,0.57700000,169.50000000,0.647
1749261020,0.57600000,89.20000000,0.647
1749261020,0.57500000,8.90000000,0.647
1749261020,0.57400000,1474.10000000,0.647
1749261020,0.57200000,31.70000000,0.647
1749261020,0.57100000,109.40000000,0.647
1749261020,0.57000000,1316.20000000,0.647
1749261020,0.56800000,2640.80000000,0.647
1749261020,0.56700000,50.00000000,0.647
1749261020,0.56500000,183.20000000,0.647
1749261020,0.56400000,9.00000000,0.647
1749261020,0.56300000,50.50000000,0.647
1749261020,0.56200000,19.50000000,0.647
1749261020,0.56100000,516.10000000,0.647
1749261020,0.56000000,13250.10000000,0.647
1749261020,0.55800000,217.60000000,0.647
1749261020,0.55600000,43.70000000,0.647
1749261020,0.55500000,108.70000000,0.647
1749261020,0.55200000,14.40000000,0.647
1749261020,0.55000000,4762.60000000,0.647
1749261020,0.54900000,553.50000000,0.647
1749261020,0.54700000,21.90000000,0.647
1749261020,0.54600000,8926.90000000,0.647
1749261020,0.54500000,250.00000000,0.647
1749261020,0.54400000,252.30000000,0.647
1749261020,0.54200000,178.20000000,0.647
1749261020,0.54000000,2208.60000000,0.647
1749261020,0.53700000,15.80000000,0.647
1749261020,0.53600000,18.60000000,0.647
1749261020,0.53500000,1408.30000000,0.647
1749261020,0.53200000,235.90000000,0.647
1749261331,0.64400000,5871.20000000,0.644
1749261331,0.64300000,111418.80000000,0.644
1749261331,0.64200000,123265.30000000,0.644
1749261331,0.64100000,57099.90000000,0.644
1749261331,0.64000000,34900.80000000,0.644
1749261331,0.63900000,26574.80000000,0.644
1749261331,0.63800000,38650.60000000,0.644
1749261331,0.63700000,12130.90000000,0.644
1749261331,0.63600000,11896.10000000,0.644
1749261331,0.63500000,28569.90000000,0.644
1749261331,0.63400000,40879.80000000,0.644
1749261331,0.63300000,17716.00000000,0.644
1749261331,0.63200000,18521.70000000,0.644
1749261331,0.63100000,23822.40000000,0.644
1749261331,0.63000000,7199.80000000,0.644
1749261331,0.62900000,2088.30000000,0.644
1749261331,0.62800000,3523.80000000,0.644
1749261331,0.62700000,1204.60000000,0.644
1749261331,0.62600000,2877.70000000,0.644
1749261331,0.62500000,7670.80000000,0.644
1749261331,0.62400000,1188.00000000,0.644
1749261331,0.62300000,2026.10000000,0.644
1749261331,0.62200000,1293.70000000,0.644
1749261331,0.62100000,1405.70000000,0.644
1749261331,0.62000000,4200.20000000,0.644
1749261331,0.61900000,59.70000000,0.644
1749261331,0.61800000,7968.90000000,0.644
1749261331,0.61700000,3719.70000000,0.644
1749261331,0.61600000,491.20000000,0.644
1749261331,0.61500000,324.70000000,0.644
1749261331,0.61400000,875.30000000,0.644
1749261331,0.61300000,242.30000000,0.644
1749261331,0.61200000,1006.40000000,0.644
1749261331,0.61100000,65.80000000,0.644
1749261331,0.61000000,2733.50000000,0.644
1749261331,0.60900000,15.80000000,0.644
1749261331,0.60800000,32.30000000,0.644
1749261331,0.60700000,4535.40000000,0.644
1749261331,0.60600000,63.40000000,0.644
1749261331,0.60500000,261.90000000,0.644
1749261331,0.60400000,116.40000000,0.644
1749261331,0.60300000,2534.80000000,0.644
1749261331,0.60200000,529.90000000,0.644
1749261331,0.60100000,85.50000000,0.644
1749261331,0.60000000,21643.20000000,0.644
1749261331,0.59900000,359.30000000,0.644
1749261331,0.59800000,27.80000000,0.644
1749261331,0.59700000,760.20000000,0.644
1749261331,0.59600000,32.60000000,0.644
1749261331,0.59500000,5617.60000000,0.644
1749261331,0.59400000,15.80000000,0.644
1749261331,0.59300000,15.80000000,0.644
1749261331,0.59200000,15.10000000,0.644
1749261331,0.59100000,35.50000000,0.644
1749261331,0.59000000,826.60000000,0.644
1749261331,0.58900000,38.10000000,0.644
1749261331,0.58800000,298.00000000,0.644
1749261331,0.58700000,35.20000000,0.644
1749261331,0.58600000,20349.80000000,0.644
1749261331,0.58500000,15.30000000,0.644
1749261331,0.58400000,40.30000000,0.644
1749261331,0.58300000,888.20000000,0.644
1749261331,0.58200000,115.40000000,0.644
1749261331,0.58100000,1121.00000000,0.644
1749261331,0.58000000,4835.90000000,0.644
1749261331,0.57900000,25.40000000,0.644
1749261331,0.57800000,288.50000000,0.644
1749261331,0.57700000,169.50000000,0.644
1749261331,0.57600000,89.20000000,0.644
1749261331,0.57500000,24.40000000,0.644
1749261331,0.57400000,1489.60000000,0.644
1749261331,0.57200000,31.70000000,0.644
1749261331,0.57100000,109.40000000,0.644
1749261331,0.57000000,1316.20000000,0.644
1749261331,0.56800000,2640.80000000,0.644
1749261331,0.56700000,50.00000000,0.644
1749261331,0.56500000,183.20000000,0.644
1749261331,0.56400000,9.00000000,0.644
1749261331,0.56300000,50.50000000,0.644
1749261331,0.56200000,19.50000000,0.644
1749261331,0.56100000,516.10000000,0.644
1749261331,0.56000000,13250.10000000,0.644
1749261331,0.55800000,217.60000000,0.644
1749261331,0.55600000,43.70000000,0.644
1749261331,0.55500000,108.70000000,0.644
1749261331,0.55200000,14.40000000,0.644
1749261331,0.55000000,4762.60000000,0.644
1749261331,0.54900000,553.50000000,0.644
1749261331,0.54700000,21.90000000,0.644
1749261331,0.54600000,8926.90000000,0.644
1749261331,0.54500000,250.00000000,0.644
1749261331,0.54400000,252.30000000,0.644
1749261331,0.54200000,178.20000000,0.644
1749261331,0.54000000,2208.60000000,0.644
1749261331,0.53700000,15.80000000,0.644
1749261331,0.53600000,18.60000000,0.644
1749261331,0.53500000,1408.30000000,0.644
1749261331,0.53200000,235.90000000,0.644
1749261331,0.53000000,5848.90000000,0.644
1749261331,0.52900000,127.60000000,0.644
1749261633,0.64600000,2909.40000000,0.646
1749261633,0.64500000,113231.70000000,0.646
1749261633,0.64400000,101218.20000000,0.646
1749261633,0.64300000,62159.10000000,0.646
1749261633,0.64200000,38118.80000000,0.646
1749261633,0.64100000,16133.20000000,0.646
1749261633,0.64000000,40695.00000000,0.646
1749261633,0.63900000,19806.00000000,0.646
1749261633,0.63800000,11456.50000000,0.646
1749261633,0.63700000,11086.30000000,0.646
1749261633,0.63600000,21409.10000000,0.646
1749261633,0.63500000,28255.40000000,0.646
1749261633,0.63400000,6289.20000000,0.646
1749261633,0.63300000,7075.60000000,0.646
1749261633,0.63200000,6803.70000000,0.646
1749261633,0.63100000,8865.60000000,0.646
1749261633,0.63000000,7187.50000000,0.646
1749261633,0.62900000,1298.10000000,0.646
1749261633,0.62800000,2859.30000000,0.646
1749261633,0.62700000,972.70000000,0.646
1749261633,0.62600000,1921.00000000,0.646
1749261633,0.62500000,5568.70000000,0.646
1749261633,0.62400000,1176.30000000,0.646
1749261633,0.62300000,1370.30000000,0.646
1749261633,0.62200000,1363.00000000,0.646
1749261633,0.62100000,4510.40000000,0.646
1749261633,0.62000000,3789.30000000,0.646
1749261633,0.61900000,47.90000000,0.646
1749261633,0.61800000,7023.90000000,0.646
1749261633,0.61700000,2773.40000000,0.646
1749261633,0.61600000,491.20000000,0.646
1749261633,0.61500000,324.70000000,0.646
1749261633,0.61400000,62.40000000,0.646
1749261633,0.61300000,242.30000000,0.646
1749261633,0.61200000,1006.40000000,0.646
1749261633,0.61100000,65.80000000,0.646
1749261633,0.61000000,2733.50000000,0.646
1749261633,0.60900000,15.80000000,0.646
1749261633,0.60800000,32.30000000,0.646
1749261633,0.60700000,4535.40000000,0.646
1749261633,0.60600000,63.40000000,0.646
1749261633,0.60500000,96.90000000,0.646
1749261633,0.60400000,116.40000000,0.646
1749261633,0.60300000,318.30000000,0.646
1749261633,0.60200000,529.90000000,0.646
1749261633,0.60100000,85.50000000,0.646
1749261633,0.60000000,21869.40000000,0.646
1749261633,0.59900000,359.30000000,0.646
1749261633,0.59800000,27.80000000,0.646
1749261633,0.59700000,91.30000000,0.646
1749261633,0.59600000,702.60000000,0.646
1749261633,0.59500000,5617.60000000,0.646
1749261633,0.59400000,15.80000000,0.646
1749261633,0.59300000,15.80000000,0.646
1749261633,0.59200000,15.10000000,0.646
1749261633,0.59100000,35.50000000,0.646
1749261633,0.59000000,826.60000000,0.646
1749261633,0.58900000,38.10000000,0.646
1749261633,0.58800000,298.00000000,0.646
1749261633,0.58700000,35.20000000,0.646
1749261633,0.58600000,18643.60000000,0.646
1749261633,0.58500000,15.30000000,0.646
1749261633,0.58400000,40.30000000,0.646
1749261633,0.58300000,888.20000000,0.646
1749261633,0.58200000,115.40000000,0.646
1749261633,0.58100000,1121.00000000,0.646
1749261633,0.58000000,4835.90000000,0.646
1749261633,0.57900000,25.40000000,0.646
1749261633,0.57800000,288.50000000,0.646
1749261633,0.57700000,169.50000000,0.646
1749261633,0.57600000,89.20000000,0.646
1749261633,0.57500000,8.90000000,0.646
1749261633,0.57400000,1474.10000000,0.646
1749261633,0.57200000,31.70000000,0.646
1749261633,0.57100000,109.40000000,0.646
1749261633,0.57000000,1316.20000000,0.646
1749261633,0.56800000,2640.80000000,0.646
1749261633,0.56700000,50.00000000,0.646
1749261633,0.56500000,183.20000000,0.646
1749261633,0.56400000,9.00000000,0.646
1749261633,0.56300000,50.50000000,0.646
1749261633,0.56200000,19.50000000,0.646
1749261633,0.56100000,516.10000000,0.646
1749261633,0.56000000,13250.10000000,0.646
1749261633,0.55800000,217.60000000,0.646
1749261633,0.55600000,43.70000000,0.646
1749261633,0.55500000,108.70000000,0.646
1749261633,0.55200000,14.40000000,0.646
1749261633,0.55000000,4762.60000000,0.646
1749261633,0.54900000,553.50000000,0.646
1749261633,0.54700000,21.90000000,0.646
1749261633,0.54600000,8926.90000000,0.646
1749261633,0.54500000,250.00000000,0.646
1749261633,0.54400000,252.30000000,0.646
1749261633,0.54200000,178.20000000,0.646
1749261633,0.54000000,2208.60000000,0.646
1749261633,0.53700000,15.80000000,0.646
1749261633,0.53600000,18.60000000,0.646
1749261633,0.53500000,1408.30000000,0.646
1749261633,0.53200000,235.90000000,0.646
1749261940,0.64100000,6647.70000000,0.641
1749261940,0.64000000,110277.10000000,0.641
1749261940,0.63900000,117389.40000000,0.641
1749261940,0.63800000,52520.00000000,0.641
1749261940,0.63700000,46509.40000000,0.641
1749261940,0.63600000,28073.90000000,0.641
1749261940,0.63500000,35727.30000000,0.641
1749261940,0.63400000,17977.30000000,0.641
1749261940,0.63300000,24229.30000000,0.641
1749261940,0.63200000,25020.40000000,0.641
1749261940,0.63100000,32518.40000000,0.641
1749261940,0.63000000,12953.00000000,0.641
1749261940,0.62900000,3099.30000000,0.641
1749261940,0.62800000,16861.20000000,0.641
1749261940,0.62700000,6141.90000000,0.641
1749261940,0.62600000,1989.60000000,0.641
1749261940,0.62500000,6316.60000000,0.641
1749261940,0.62400000,2172.50000000,0.641
1749261940,0.62300000,1235.00000000,0.641
1749261940,0.62200000,1133.20000000,0.641
1749261940,0.62100000,4522.10000000,0.641
1749261940,0.62000000,4203.60000000,0.641
1749261940,0.61900000,1875.70000000,0.641
1749261940,0.61800000,11603.90000000,0.641
1749261940,0.61700000,4239.30000000,0.641
1749261940,0.61600000,1436.20000000,0.641
1749261940,0.61500000,1269.70000000,0.641
1749261940,0.61400000,875.30000000,0.641
1749261940,0.61300000,242.30000000,0.641
1749261940,0.61200000,27.80000000,0.641
1749261940,0.61100000,65.80000000,0.641
1749261940,0.61000000,2733.50000000,0.641
1749261940,0.60900000,15.80000000,0.641
1749261940,0.60800000,1017.40000000,0.641
1749261940,0.60700000,4535.40000000,0.641
1749261940,0.60600000,63.40000000,0.641
1749261940,0.60500000,96.90000000,0.641
1749261940,0.60400000,116.40000000,0.641
1749261940,0.60300000,2567.40000000,0.641
1749261940,0.60200000,529.90000000,0.641
1749261940,0.60100000,85.50000000,0.641
1749261940,0.60000000,21643.20000000,0.641
1749261940,0.59900000,359.30000000,0.641
1749261940,0.59800000,27.80000000,0.641
1749261940,0.59700000,91.30000000,0.641
1749261940,0.59600000,32.60000000,0.641
1749261940,0.59500000,5617.60000000,0.641
1749261940,0.59400000,15.80000000,0.641
1749261940,0.59300000,698.20000000,0.641
1749261940,0.59200000,15.10000000,0.641
1749261940,0.59100000,35.50000000,0.641
1749261940,0.59000000,826.60000000,0.641
1749261940,0.58900000,38.10000000,0.641
1749261940,0.58800000,298.00000000,0.641
1749261940,0.58700000,35.20000000,0.641
1749261940,0.58600000,18643.60000000,0.641
1749261940,0.58500000,15.30000000,0.641
1749261940,0.58400000,40.30000000,0.641
1749261940,0.58300000,888.20000000,0.641
1749261940,0.58200000,115.40000000,0.641
1749261940,0.58100000,1083.40000000,0.641
1749261940,0.58000000,4835.90000000,0.641
1749261940,0.57900000,63.40000000,0.641
1749261940,0.57800000,288.50000000,0.641
1749261940,0.57700000,169.50000000,0.641
1749261940,0.57600000,89.20000000,0.641
1749261940,0.57500000,24.40000000,0.641
1749261940,0.57400000,1489.60000000,0.641
1749261940,0.57300000,15.60000000,0.641
1749261940,0.57200000,47.30000000,0.641
1749261940,0.57100000,125.00000000,0.641
1749261940,0.57000000,1316.20000000,0.641
1749261940,0.56800000,2640.80000000,0.641
1749261940,0.56700000,50.00000000,0.641
1749261940,0.56500000,183.20000000,0.641
1749261940,0.56400000,9.00000000,0.641
1749261940,0.56300000,50.50000000,0.641
1749261940,0.56200000,19.50000000,0.641
1749261940,0.56100000,516.10000000,0.641
1749261940,0.56000000,13250.10000000,0.641
1749261940,0.55800000,217.60000000,0.641
1749261940,0.55600000,43.70000000,0.641
1749261940,0.55500000,108.70000000,0.641
1749261940,0.55200000,14.40000000,0.641
1749261940,0.55000000,4762.60000000,0.641
1749261940,0.54900000,553.50000000,0.641
1749261940,0.54700000,21.90000000,0.641
1749261940,0.54600000,8926.90000000,0.641
1749261940,0.54500000,250.00000000,0.641
1749261940,0.54400000,252.30000000,0.641
1749261940,0.54200000,178.20000000,0.641
1749261940,0.54000000,2208.60000000,0.641
1749261940,0.53700000,15.80000000,0.641
1749261940,0.53600000,18.60000000,0.641
1749261940,0.53500000,1408.30000000,0.641
1749261940,0.53200000,235.90000000,0.641
1749261940,0.53000000,5848.90000000,0.641
1749261940,0.52900000,127.60000000,0.641
1749261940,0.52800000,12.00000000,0.641
1749261940,0.52600000,9.70000000,0.641
1749262242,0.64300000,9103.80000000,0.644
1749262242,0.64200000,96519.90000000,0.644
1749262242,0.64100000,90646.40000000,0.644
1749262242,0.64000000,55108.60000000,0.644
1749262242,0.63900000,53068.60000000,0.644
1749262242,0.63800000,40167.60000000,0.644
1749262242,0.63700000,12680.10000000,0.644
1749262242,0.63600000,27683.60000000,0.644
1749262242,0.63500000,20565.30000000,0.644
1749262242,0.63400000,15927.20000000,0.644
1749262242,0.63300000,47224.60000000,0.644
1749262242,0.63200000,24708.60000000,0.644
1749262242,0.63100000,10504.40000000,0.644
1749262242,0.63000000,25601.10000000,0.644
1749262242,0.62900000,1288.40000000,0.644
1749262242,0.62800000,9281.30000000,0.644
1749262242,0.62700000,1275.20000000,0.644
1749262242,0.62600000,3161.60000000,0.644
1749262242,0.62500000,5774.70000000,0.644
1749262242,0.62400000,996.80000000,0.644
1749262242,0.62300000,1235.00000000,0.644
1749262242,0.62200000,972.80000000,0.644
1749262242,0.62100000,4920.60000000,0.644
1749262242,0.62000000,6782.80000000,0.644
1749262242,0.61900000,992.90000000,0.644
1749262242,0.61800000,8696.40000000,0.644
1749262242,0.61700000,3914.60000000,0.644
1749262242,0.61600000,1436.20000000,0.644
1749262242,0.61500000,324.70000000,0.644
1749262242,0.61400000,62.40000000,0.644
1749262242,0.61300000,242.30000000,0.644
1749262242,0.61200000,843.30000000,0.644
1749262242,0.61100000,1046.00000000,0.644
1749262242,0.61000000,2733.50000000,0.644
1749262242,0.60900000,15.80000000,0.644
1749262242,0.60800000,32.30000000,0.644
1749262242,0.60700000,4535.40000000,0.644
1749262242,0.60600000,63.40000000,0.644
1749262242,0.60500000,96.90000000,0.644
1749262242,0.60400000,116.40000000,0.644
1749262242,0.60300000,318.30000000,0.644
1749262242,0.60200000,529.90000000,0.644
1749262242,0.60100000,85.50000000,0.644
1749262242,0.60000000,21643.20000000,0.644
1749262242,0.59900000,359.30000000,0.644
1749262242,0.59800000,27.80000000,0.644
1749262242,0.59700000,91.30000000,0.644
1749262242,0.59600000,32.60000000,0.644
1749262242,0.59500000,5845.50000000,0.644
1749262242,0.59400000,688.10000000,0.644
1749262242,0.59300000,24.80000000,0.644
1749262242,0.59200000,15.10000000,0.644
1749262242,0.59100000,35.50000000,0.644
1749262242,0.59000000,826.60000000,0.644
1749262242,0.58900000,38.10000000,0.644
1749262242,0.58800000,298.00000000,0.644
1749262242,0.58700000,35.20000000,0.644
1749262242,0.58600000,18643.60000000,0.644
1749262242,0.58500000,15.30000000,0.644
1749262242,0.58400000,40.30000000,0.644
1749262242,0.58300000,888.20000000,0.644
1749262242,0.58200000,115.40000000,0.644
1749262242,0.58100000,1045.80000000,0.644
1749262242,0.58000000,4835.90000000,0.644
1749262242,0.57900000,101.40000000,0.644
1749262242,0.57800000,288.50000000,0.644
1749262242,0.57700000,169.50000000,0.644
1749262242,0.57600000,89.20000000,0.644
1749262242,0.57500000,24.40000000,0.644
1749262242,0.57400000,1489.60000000,0.644
1749262242,0.57300000,15.60000000,0.644
1749262242,0.57200000,31.70000000,0.644
1749262242,0.57100000,109.40000000,0.644
1749262242,0.57000000,1316.20000000,0.644
1749262242,0.56800000,2640.80000000,0.644
1749262242,0.56700000,50.00000000,0.644
1749262242,0.56500000,183.20000000,0.644
1749262242,0.56400000,9.00000000,0.644
1749262242,0.56300000,50.50000000,0.644
1749262242,0.56200000,19.50000000,0.644
1749262242,0.56100000,516.10000000,0.644
1749262242,0.56000000,13250.10000000,0.644
1749262242,0.55800000,217.60000000,0.644
1749262242,0.55600000,43.70000000,0.644
1749262242,0.55500000,108.70000000,0.644
1749262242,0.55200000,14.40000000,0.644
1749262242,0.55000000,4762.60000000,0.644
1749262242,0.54900000,553.50000000,0.644
1749262242,0.54700000,21.90000000,0.644
1749262242,0.54600000,8926.90000000,0.644
1749262242,0.54500000,250.00000000,0.644
1749262242,0.54400000,252.30000000,0.644
1749262242,0.54200000,178.20000000,0.644
1749262242,0.54000000,2208.60000000,0.644
1749262242,0.53700000,15.80000000,0.644
1749262242,0.53600000,18.60000000,0.644
1749262242,0.53500000,1408.30000000,0.644
1749262242,0.53200000,235.90000000,0.644
1749262242,0.53000000,5848.90000000,0.644
1749262242,0.52900000,127.60000000,0.644
1749262543,0.64300000,81378.90000000,0.643
1749262543,0.64200000,90130.30000000,0.643
1749262543,0.64100000,50043.50000000,0.643
1749262543,0.64000000,46978.00000000,0.643
1749262543,0.63900000,48208.20000000,0.643
1749262543,0.63800000,37906.70000000,0.643
1749262543,0.63700000,18546.10000000,0.643
1749262543,0.63600000,17012.40000000,0.643
1749262543,0.63500000,17974.20000000,0.643
1749262543,0.63400000,16214.60000000,0.643
1749262543,0.63300000,32283.20000000,0.643
1749262543,0.63200000,20882.00000000,0.643
1749262543,0.63100000,12301.40000000,0.643
1749262543,0.63000000,7099.20000000,0.643
1749262543,0.62900000,1249.00000000,0.643
1749262543,0.62800000,9645.50000000,0.643
1749262543,0.62700000,5422.00000000,0.643
1749262543,0.62600000,2015.10000000,0.643
1749262543,0.62500000,5616.70000000,0.643
1749262543,0.62400000,996.80000000,0.643
1749262543,0.62300000,1140.40000000,0.643
1749262543,0.62200000,1374.00000000,0.643
1749262543,0.62100000,1003.10000000,0.643
1749262543,0.62000000,4689.80000000,0.643
1749262543,0.61900000,1719.30000000,0.643
1749262543,0.61800000,7968.90000000,0.643
1749262543,0.61700000,3912.80000000,0.643
1749262543,0.61600000,491.20000000,0.643
1749262543,0.61500000,324.70000000,0.643
1749262543,0.61400000,62.40000000,0.643
1749262543,0.61300000,242.30000000,0.643
1749262543,0.61200000,843.30000000,0.643
1749262543,0.61100000,1046.00000000,0.643
1749262543,0.61000000,2733.50000000,0.643
1749262543,0.60900000,32.30000000,0.643
1749262543,0.60800000,15.80000000,0.643
1749262543,0.60700000,4535.40000000,0.643
1749262543,0.60600000,63.40000000,0.643
1749262543,0.60500000,96.90000000,0.643
1749262543,0.60400000,116.40000000,0.643
1749262543,0.60300000,318.30000000,0.643
1749262543,0.60200000,529.90000000,0.643
1749262543,0.60100000,85.50000000,0.643
1749262543,0.60000000,21643.20000000,0.643
1749262543,0.59900000,585.90000000,0.643
1749262543,0.59800000,27.80000000,0.643
1749262543,0.59700000,91.30000000,0.643
1749262543,0.59600000,32.60000000,0.643
1749262543,0.59500000,6288.70000000,0.643
1749262543,0.59400000,15.80000000,0.643
1749262543,0.59300000,24.80000000,0.643
1749262543,0.59200000,15.10000000,0.643
1749262543,0.59100000,35.50000000,0.643
1749262543,0.59000000,826.60000000,0.643
1749262543,0.58900000,38.10000000,0.643
1749262543,0.58800000,298.00000000,0.643
1749262543,0.58700000,35.20000000,0.643
1749262543,0.58600000,18643.60000000,0.643
1749262543,0.58500000,15.30000000,0.643
1749262543,0.58400000,40.30000000,0.643
1749262543,0.58300000,888.20000000,0.643
1749262543,0.58200000,115.40000000,0.643
1749262543,0.58100000,1045.80000000,0.643
1749262543,0.58000000,4873.90000000,0.643
1749262543,0.57900000,63.40000000,0.643
1749262543,0.57800000,288.50000000,0.643
1749262543,0.57700000,169.50000000,0.643
1749262543,0.57600000,89.20000000,0.643
1749262543,0.57500000,24.40000000,0.643
1749262543,0.57400000,1489.60000000,0.643
1749262543,0.57300000,15.60000000,0.643
1749262543,0.57200000,31.70000000,0.643
1749262543,0.57100000,109.40000000,0.643
1749262543,0.57000000,1316.20000000,0.643
1749262543,0.56800000,2640.80000000,0.643
1749262543,0.56700000,50.00000000,0.643
1749262543,0.56500000,183.20000000,0.643
1749262543,0.56400000,9.00000000,0.643
1749262543,0.56300000,50.50000000,0.643
1749262543,0.56200000,19.50000000,0.643
1749262543,0.56100000,516.10000000,0.643
1749262543,0.56000000,13250.10000000,0.643
1749262543,0.55800000,217.60000000,0.643
1749262543,0.55600000,43.70000000,0.643
1749262543,0.55500000,108.70000000,0.643
1749262543,0.55200000,14.40000000,0.643
1749262543,0.55000000,4762.60000000,0.643
1749262543,0.54900000,553.50000000,0.643
1749262543,0.54700000,21.90000000,0.643
1749262543,0.54600000,8926.90000000,0.643
1749262543,0.54500000,250.00000000,0.643
1749262543,0.54400000,252.30000000,0.643
1749262543,0.54200000,178.20000000,0.643
1749262543,0.54000000,2208.60000000,0.643
1749262543,0.53700000,15.80000000,0.643
1749262543,0.53600000,18.60000000,0.643
1749262543,0.53500000,1408.30000000,0.643
1749262543,0.53200000,235.90000000,0.643
1749262543,0.53000000,5848.90000000,0.643
1749262543,0.52900000,127.60000000,0.643
1749262845,0.64300000,350.00000000,0.643
1749262845,0.64200000,85736.10000000,0.643
1749262845,0.64100000,113082.10000000,0.643
1749262845,0.64000000,66433.60000000,0.643
1749262845,0.63900000,46266.10000000,0.643
1749262845,0.63800000,46598.60000000,0.643
1749262845,0.63700000,21456.70000000,0.643
1749262845,0.63600000,13554.20000000,0.643
1749262845,0.63500000,18460.60000000,0.643
1749262845,0.63400000,29793.30000000,0.643
1749262845,0.63300000,12199.70000000,0.643
1749262845,0.63200000,11994.80000000,0.643
1749262845,0.63100000,13439.90000000,0.643
1749262845,0.63000000,8949.60000000,0.643
1749262845,0.62900000,4889.80000000,0.643
1749262845,0.62800000,3412.20000000,0.643
1749262845,0.62700000,4458.80000000,0.643
1749262845,0.62600000,1762.90000000,0.643
1749262845,0.62500000,6571.40000000,0.643
1749262845,0.62400000,1044.80000000,0.643
1749262845,0.62300000,1140.40000000,0.643
1749262845,0.62200000,972.80000000,0.643
1749262845,0.62100000,1404.90000000,0.643
1749262845,0.62000000,4700.60000000,0.643
1749262845,0.61900000,1315.40000000,0.643
1749262845,0.61800000,8373.40000000,0.643
1749262845,0.61700000,4012.20000000,0.643
1749262845,0.61600000,474.90000000,0.643
1749262845,0.61500000,308.40000000,0.643
1749262845,0.61400000,62.40000000,0.643
1749262845,0.61300000,1056.50000000,0.643
1749262845,0.61200000,60.60000000,0.643
1749262845,0.61100000,82.20000000,0.643
1749262845,0.61000000,3715.30000000,0.643
1749262845,0.60900000,32.30000000,0.643
1749262845,0.60800000,15.80000000,0.643
1749262845,0.60700000,4535.40000000,0.643
1749262845,0.60600000,63.40000000,0.643
1749262845,0.60500000,96.90000000,0.643
1749262845,0.60400000,116.40000000,0.643
1749262845,0.60300000,318.30000000,0.643
1749262845,0.60200000,529.90000000,0.643
1749262845,0.60100000,85.50000000,0.643
1749262845,0.60000000,21643.20000000,0.643
1749262845,0.59900000,359.30000000,0.643
1749262845,0.59800000,27.80000000,0.643
1749262845,0.59700000,91.30000000,0.643
1749262845,0.59600000,258.30000000,0.643
1749262845,0.59500000,5617.60000000,0.643
1749262845,0.59400000,15.80000000,0.643
1749262845,0.59300000,698.20000000,0.643
1749262845,0.59200000,15.10000000,0.643
1749262845,0.59100000,35.50000000,0.643
1749262845,0.59000000,826.60000000,0.643
1749262845,0.58900000,38.10000000,0.643
1749262845,0.58800000,298.00000000,0.643
1749262845,0.58700000,35.20000000,0.643
1749262845,0.58600000,18643.60000000,0.643
1749262845,0.58500000,15.30000000,0.643
1749262845,0.58400000,40.30000000,0.643
1749262845,0.58300000,888.20000000,0.643
1749262845,0.58200000,115.40000000,0.643
1749262845,0.58100000,1045.80000000,0.643
1749262845,0.58000000,4873.90000000,0.643
1749262845,0.57900000,25.40000000,0.643
1749262845,0.57800000,326.50000000,0.643
1749262845,0.57700000,169.50000000,0.643
1749262845,0.57600000,89.20000000,0.643
1749262845,0.57500000,24.40000000,0.643
1749262845,0.57400000,1489.60000000,0.643
1749262845,0.57300000,15.60000000,0.643
1749262845,0.57200000,31.70000000,0.643
1749262845,0.57100000,109.40000000,0.643
1749262845,0.57000000,1316.20000000,0.643
1749262845,0.56800000,2640.80000000,0.643
1749262845,0.56700000,50.00000000,0.643
1749262845,0.56500000,183.20000000,0.643
1749262845,0.56400000,9.00000000,0.643
1749262845,0.56300000,50.50000000,0.643
1749262845,0.56200000,19.50000000,0.643
1749262845,0.56100000,516.10000000,0.643
1749262845,0.56000000,13250.10000000,0.643
1749262845,0.55800000,217.60000000,0.643
1749262845,0.55600000,43.70000000,0.643
1749262845,0.55500000,108.70000000,0.643
1749262845,0.55200000,14.40000000,0.643
1749262845,0.55000000,4762.60000000,0.643
1749262845,0.54900000,553.50000000,0.643
1749262845,0.54700000,21.90000000,0.643
1749262845,0.54600000,8926.90000000,0.643
1749262845,0.54500000,250.00000000,0.643
1749262845,0.54400000,252.30000000,0.643
1749262845,0.54200000,178.20000000,0.643
1749262845,0.54000000,2208.60000000,0.643
1749262845,0.53700000,15.80000000,0.643
1749262845,0.53600000,18.60000000,0.643
1749262845,0.53500000,1408.30000000,0.643
1749262845,0.53200000,235.90000000,0.643
1749262845,0.53000000,5848.90000000,0.643
1749262845,0.52900000,127.60000000,0.643
1749263146,0.64200000,20729.00000000,0.643
1749263146,0.64100000,146952.10000000,0.643
1749263146,0.64000000,104631.70000000,0.643
1749263146,0.63900000,56968.30000000,0.643
1749263146,0.63800000,45428.60000000,0.643
1749263146,0.63700000,23952.00000000,0.643
1749263146,0.63600000,11769.00000000,0.643
1749263146,0.63500000,20248.60000000,0.643
1749263146,0.63400000,29318.20000000,0.643
1749263146,0.63300000,11619.90000000,0.643
1749263146,0.63200000,12909.90000000,0.643
1749263146,0.63100000,12261.90000000,0.643
1749263146,0.63000000,7395.60000000,0.643
1749263146,0.62900000,6791.40000000,0.643
1749263146,0.62800000,3618.80000000,0.643
1749263146,0.62700000,4156.30000000,0.643
1749263146,0.62600000,1762.90000000,0.643
1749263146,0.62500000,6571.40000000,0.643
1749263146,0.62400000,1044.80000000,0.643
1749263146,0.62300000,1140.40000000,0.643
1749263146,0.62200000,972.80000000,0.643
1749263146,0.62100000,1003.10000000,0.643
1749263146,0.62000000,5103.10000000,0.643
1749263146,0.61900000,992.90000000,0.643
1749263146,0.61800000,8696.40000000,0.643
1749263146,0.61700000,4012.70000000,0.643
1749263146,0.61600000,1419.90000000,0.643
1749263146,0.61500000,308.40000000,0.643
1749263146,0.61400000,62.40000000,0.643
1749263146,0.61300000,1056.50000000,0.643
1749263146,0.61200000,60.60000000,0.643
1749263146,0.61100000,82.20000000,0.643
1749263146,0.61000000,2733.50000000,0.643
1749263146,0.60900000,1015.70000000,0.643
1749263146,0.60800000,15.80000000,0.643
1749263146,0.60700000,4535.40000000,0.643
1749263146,0.60600000,63.40000000,0.643
1749263146,0.60500000,96.90000000,0.643
1749263146,0.60400000,116.40000000,0.643
1749263146,0.60300000,318.30000000,0.643
1749263146,0.60200000,529.90000000,0.643
1749263146,0.60100000,85.50000000,0.643
1749263146,0.60000000,21643.20000000,0.643
1749263146,0.59900000,359.30000000,0.643
1749263146,0.59800000,27.80000000,0.643
1749263146,0.59700000,91.30000000,0.643
1749263146,0.59600000,258.30000000,0.643
1749263146,0.59500000,5617.60000000,0.643
1749263146,0.59400000,15.80000000,0.643
1749263146,0.59300000,698.20000000,0.643
1749263146,0.59200000,15.10000000,0.643
1749263146,0.59100000,35.50000000,0.643
1749263146,0.59000000,826.60000000,0.643
1749263146,0.58900000,38.10000000,0.643
1749263146,0.58800000,298.00000000,0.643
1749263146,0.58700000,35.20000000,0.643
1749263146,0.58600000,18643.60000000,0.643
1749263146,0.58500000,15.30000000,0.643
1749263146,0.58400000,40.30000000,0.643
1749263146,0.58300000,888.20000000,0.643
1749263146,0.58200000,115.40000000,0.643
1749263146,0.58100000,1045.80000000,0.643
1749263146,0.58000000,4835.90000000,0.643
1749263146,0.57900000,25.40000000,0.643
1749263146,0.57800000,364.50000000,0.643
1749263146,0.57700000,169.50000000,0.643
1749263146,0.57600000,89.20000000,0.643
1749263146,0.57500000,24.40000000,0.643
1749263146,0.57400000,1489.60000000,0.643
1749263146,0.57300000,15.60000000,0.643
1749263146,0.57200000,47.30000000,0.643
1749263146,0.57100000,109.40000000,0.643
1749263146,0.57000000,1316.20000000,0.643
1749263146,0.56800000,2640.80000000,0.643
1749263146,0.56700000,50.00000000,0.643
1749263146,0.56500000,183.20000000,0.643
1749263146,0.56400000,9.00000000,0.643
1749263146,0.56300000,50.50000000,0.643
1749263146,0.56200000,19.50000000,0.643
1749263146,0.56100000,516.10000000,0.643
1749263146,0.56000000,13250.10000000,0.643
1749263146,0.55800000,217.60000000,0.643
1749263146,0.55600000,43.70000000,0.643
1749263146,0.55500000,108.70000000,0.643
1749263146,0.55200000,14.40000000,0.643
1749263146,0.55000000,4762.60000000,0.643
1749263146,0.54900000,553.50000000,0.643
1749263146,0.54700000,21.90000000,0.643
1749263146,0.54600000,8926.90000000,0.643
1749263146,0.54500000,250.00000000,0.643
1749263146,0.54400000,252.30000000,0.643
1749263146,0.54200000,178.20000000,0.643
1749263146,0.54000000,2208.60000000,0.643
1749263146,0.53700000,15.80000000,0.643
1749263146,0.53600000,18.60000000,0.643
1749263146,0.53500000,1408.30000000,0.643
1749263146,0.53200000,235.90000000,0.643
1749263146,0.53000000,5848.90000000,0.643
1749263146,0.52900000,127.60000000,0.643
1749263146,0.52800000,12.00000000,0.643
1749263452,0.64200000,14973.00000000,0.642
1749263452,0.64100000,148798.20000000,0.642
1749263452,0.64000000,128240.90000000,0.642
1749263452,0.63900000,48439.70000000,0.642
1749263452,0.63800000,40052.90000000,0.642
1749263452,0.63700000,29228.90000000,0.642
1749263452,0.63600000,19633.50000000,0.642
1749263452,0.63500000,20483.20000000,0.642
1749263452,0.63400000,30761.00000000,0.642
1749263452,0.63300000,12687.60000000,0.642
1749263452,0.63200000,12125.20000000,0.642
1749263452,0.63100000,6282.60000000,0.642
1749263452,0.63000000,6844.30000000,0.642
1749263452,0.62900000,5607.10000000,0.642
1749263452,0.62800000,5003.90000000,0.642
1749263452,0.62700000,972.70000000,0.642
1749263452,0.62600000,1810.80000000,0.642
1749263452,0.62500000,6563.40000000,0.642
1749263452,0.62400000,4315.30000000,0.642
1749263452,0.62300000,1140.40000000,0.642
1749263452,0.62200000,972.80000000,0.642
1749263452,0.62100000,1404.90000000,0.642
1749263452,0.62000000,5103.80000000,0.642
1749263452,0.61900000,992.90000000,0.642
1749263452,0.61800000,8291.90000000,0.642
1749263452,0.61700000,4010.90000000,0.642
1749263452,0.61600000,474.90000000,0.642
1749263452,0.61500000,308.40000000,0.642
1749263452,0.61400000,62.40000000,0.642
1749263452,0.61300000,242.30000000,0.642
1749263452,0.61200000,77.00000000,0.642
1749263452,0.61100000,82.20000000,0.642
1749263452,0.61000000,2733.50000000,0.642
1749263452,0.60900000,999.20000000,0.642
1749263452,0.60800000,15.80000000,0.642
1749263452,0.60700000,4535.40000000,0.642
1749263452,0.60600000,63.40000000,0.642
1749263452,0.60500000,96.90000000,0.642
1749263452,0.60400000,116.40000000,0.642
1749263452,0.60300000,318.30000000,0.642
1749263452,0.60200000,529.90000000,0.642
1749263452,0.60100000,85.50000000,0.642
1749263452,0.60000000,21651.70000000,0.642
1749263452,0.59900000,359.30000000,0.642
1749263452,0.59800000,27.80000000,0.642
1749263452,0.59700000,91.30000000,0.642
1749263452,0.59600000,258.30000000,0.642
1749263452,0.59500000,6288.70000000,0.642
1749263452,0.59400000,15.80000000,0.642
1749263452,0.59300000,24.80000000,0.642
1749263452,0.59200000,15.10000000,0.642
1749263452,0.59100000,35.50000000,0.642
1749263452,0.59000000,826.60000000,0.642
1749263452,0.58900000,38.10000000,0.642
1749263452,0.58800000,298.00000000,0.642
1749263452,0.58700000,35.20000000,0.642
1749263452,0.58600000,18643.60000000,0.642
1749263452,0.58500000,15.30000000,0.642
1749263452,0.58400000,40.30000000,0.642
1749263452,0.58300000,888.20000000,0.642
1749263452,0.58200000,115.40000000,0.642
1749263452,0.58100000,1045.80000000,0.642
1749263452,0.58000000,4863.90000000,0.642
1749263452,0.57900000,25.40000000,0.642
1749263452,0.57800000,326.50000000,0.642
1749263452,0.57700000,169.50000000,0.642
1749263452,0.57600000,89.20000000,0.642
1749263452,0.57500000,24.40000000,0.642
1749263452,0.57400000,1489.60000000,0.642
1749263452,0.57300000,15.60000000,0.642
1749263452,0.57200000,47.30000000,0.642
1749263452,0.57100000,109.40000000,0.642
1749263452,0.57000000,1316.20000000,0.642
1749263452,0.56800000,2640.80000000,0.642
1749263452,0.56700000,50.00000000,0.642
1749263452,0.56500000,183.20000000,0.642
1749263452,0.56400000,9.00000000,0.642
1749263452,0.56300000,50.50000000,0.642
1749263452,0.56200000,19.50000000,0.642
1749263452,0.56100000,516.10000000,0.642
1749263452,0.56000000,13250.10000000,0.642
1749263452,0.55800000,217.60000000,0.642
1749263452,0.55600000,43.70000000,0.642
1749263452,0.55500000,108.70000000,0.642
1749263452,0.55200000,14.40000000,0.642
1749263452,0.55000000,4762.60000000,0.642
1749263452,0.54900000,553.50000000,0.642
1749263452,0.54700000,21.90000000,0.642
1749263452,0.54600000,8926.90000000,0.642
1749263452,0.54500000,250.00000000,0.642
1749263452,0.54400000,252.30000000,0.642
1749263452,0.54200000,178.20000000,0.642
1749263452,0.54000000,2208.60000000,0.642
1749263452,0.53700000,15.80000000,0.642
1749263452,0.53600000,18.60000000,0.642
1749263452,0.53500000,1408.30000000,0.642
1749263452,0.53200000,235.90000000,0.642
1749263452,0.53000000,5848.90000000,0.642
1749263452,0.52900000,127.60000000,0.642
1749263452,0.52800000,12.00000000,0.642
1749263754,0.64300000,17116.80000000,0.644
1749263754,0.64200000,142419.90000000,0.644
1749263754,0.64100000,111349.20000000,0.644
1749263754,0.64000000,42026.20000000,0.644
1749263754,0.63900000,19738.00000000,0.644
1749263754,0.63800000,39252.60000000,0.644
1749263754,0.63700000,26960.70000000,0.644
1749263754,0.63600000,18526.60000000,0.644
1749263754,0.63500000,20469.30000000,0.644
1749263754,0.63400000,29692.20000000,0.644
1749263754,0.63300000,9547.50000000,0.644
1749263754,0.63200000,2505.40000000,0.644
1749263754,0.63100000,3815.00000000,0.644
1749263754,0.63000000,6804.70000000,0.644
1749263754,0.62900000,3579.00000000,0.644
1749263754,0.62800000,6696.20000000,0.644
1749263754,0.62700000,2238.40000000,0.644
1749263754,0.62600000,1762.90000000,0.644
1749263754,0.62500000,5605.10000000,0.644
1749263754,0.62400000,4363.30000000,0.644
1749263754,0.62300000,1140.40000000,0.644
1749263754,0.62200000,972.80000000,0.644
1749263754,0.62100000,1807.50000000,0.644
1749263754,0.62000000,4700.60000000,0.644
1749263754,0.61900000,1315.40000000,0.644
1749263754,0.61800000,7968.90000000,0.644
1749263754,0.61700000,4010.60000000,0.644
1749263754,0.61600000,474.90000000,0.644
1749263754,0.61500000,308.40000000,0.644
1749263754,0.61400000,62.40000000,0.644
1749263754,0.61300000,242.30000000,0.644
1749263754,0.61200000,77.00000000,0.644
1749263754,0.61100000,82.20000000,0.644
1749263754,0.61000000,2733.50000000,0.644
1749263754,0.60900000,999.20000000,0.644
1749263754,0.60800000,15.80000000,0.644
1749263754,0.60700000,4535.40000000,0.644
1749263754,0.60600000,63.40000000,0.644
1749263754,0.60500000,96.90000000,0.644
1749263754,0.60400000,116.40000000,0.644
1749263754,0.60300000,318.30000000,0.644
1749263754,0.60200000,529.90000000,0.644
1749263754,0.60100000,85.50000000,0.644
1749263754,0.60000000,21651.70000000,0.644
1749263754,0.59900000,359.30000000,0.644
1749263754,0.59800000,27.80000000,0.644
1749263754,0.59700000,91.30000000,0.644
1749263754,0.59600000,258.30000000,0.644
1749263754,0.59500000,5617.60000000,0.644
1749263754,0.59400000,688.10000000,0.644
1749263754,0.59300000,24.80000000,0.644
1749263754,0.59200000,15.10000000,0.644
1749263754,0.59100000,35.50000000,0.644
1749263754,0.59000000,826.60000000,0.644
1749263754,0.58900000,38.10000000,0.644
1749263754,0.58800000,298.00000000,0.644
1749263754,0.58700000,35.20000000,0.644
1749263754,0.58600000,18643.60000000,0.644
1749263754,0.58500000,15.30000000,0.644
1749263754,0.58400000,40.30000000,0.644
1749263754,0.58300000,888.20000000,0.644
1749263754,0.58200000,115.40000000,0.644
1749263754,0.58100000,1045.80000000,0.644
1749263754,0.58000000,4901.90000000,0.644
1749263754,0.57900000,25.40000000,0.644
1749263754,0.57800000,288.50000000,0.644
1749263754,0.57700000,169.50000000,0.644
1749263754,0.57600000,89.20000000,0.644
1749263754,0.57500000,24.40000000,0.644
1749263754,0.57400000,1489.60000000,0.644
1749263754,0.57300000,15.60000000,0.644
1749263754,0.57200000,31.70000000,0.644
1749263754,0.57100000,109.40000000,0.644
1749263754,0.57000000,1316.20000000,0.644
1749263754,0.56800000,2640.80000000,0.644
1749263754,0.56700000,50.00000000,0.644
1749263754,0.56500000,183.20000000,0.644
1749263754,0.56400000,9.00000000,0.644
1749263754,0.56300000,50.50000000,0.644
1749263754,0.56200000,19.50000000,0.644
1749263754,0.56100000,516.10000000,0.644
1749263754,0.56000000,13250.10000000,0.644
1749263754,0.55800000,217.60000000,0.644
1749263754,0.55600000,43.70000000,0.644
1749263754,0.55500000,108.70000000,0.644
1749263754,0.55200000,14.40000000,0.644
1749263754,0.55000000,4762.60000000,0.644
1749263754,0.54900000,553.50000000,0.644
1749263754,0.54700000,21.90000000,0.644
1749263754,0.54600000,8926.90000000,0.644
1749263754,0.54500000,250.00000000,0.644
1749263754,0.54400000,252.30000000,0.644
1749263754,0.54200000,178.20000000,0.644
1749263754,0.54000000,2208.60000000,0.644
1749263754,0.53700000,15.80000000,0.644
1749263754,0.53600000,18.60000000,0.644
1749263754,0.53500000,1408.30000000,0.644
1749263754,0.53200000,235.90000000,0.644
1749263754,0.53000000,5848.90000000,0.644
1749263754,0.52900000,127.60000000,0.644
1749264055,0.64600000,4020.70000000,0.646
1749264055,0.64500000,91291.30000000,0.646
1749264055,0.64400000,107463.10000000,0.646
1749264055,0.64300000,42200.00000000,0.646
1749264055,0.64200000,46096.90000000,0.646
1749264055,0.64100000,41481.10000000,0.646
1749264055,0.64000000,18517.90000000,0.646
1749264055,0.63900000,6930.40000000,0.646
1749264055,0.63800000,29612.80000000,0.646
1749264055,0.63700000,23658.80000000,0.646
1749264055,0.63600000,25080.20000000,0.646
1749264055,0.63500000,17143.20000000,0.646
1749264055,0.63400000,22205.20000000,0.646
1749264055,0.63300000,7564.30000000,0.646
1749264055,0.63200000,2230.90000000,0.646
1749264055,0.63100000,4216.60000000,0.646
1749264055,0.63000000,7105.80000000,0.646
1749264055,0.62900000,3215.40000000,0.646
1749264055,0.62800000,5877.00000000,0.646
1749264055,0.62700000,1130.50000000,0.646
1749264055,0.62600000,1762.90000000,0.646
1749264055,0.62500000,5782.70000000,0.646
1749264055,0.62400000,4315.30000000,0.646
1749264055,0.62300000,2259.90000000,0.646
1749264055,0.62200000,1694.90000000,0.646
1749264055,0.62100000,1003.10000000,0.646
1749264055,0.62000000,3811.90000000,0.646
1749264055,0.61900000,992.90000000,0.646
1749264055,0.61800000,7023.90000000,0.646
1749264055,0.61700000,3064.10000000,0.646
1749264055,0.61600000,474.90000000,0.646
1749264055,0.61500000,308.40000000,0.646
1749264055,0.61400000,62.40000000,0.646
1749264055,0.61300000,242.30000000,0.646
1749264055,0.61200000,77.00000000,0.646
1749264055,0.61100000,1062.40000000,0.646
1749264055,0.61000000,2733.50000000,0.646
1749264055,0.60900000,15.80000000,0.646
1749264055,0.60800000,15.80000000,0.646
1749264055,0.60700000,4535.40000000,0.646
1749264055,0.60600000,63.40000000,0.646
1749264055,0.60500000,96.90000000,0.646
1749264055,0.60400000,116.40000000,0.646
1749264055,0.60300000,318.30000000,0.646
1749264055,0.60200000,753.50000000,0.646
1749264055,0.60100000,85.50000000,0.646
1749264055,0.60000000,21651.70000000,0.646
1749264055,0.59900000,359.30000000,0.646
1749264055,0.59800000,27.80000000,0.646
1749264055,0.59700000,760.20000000,0.646
1749264055,0.59600000,32.60000000,0.646
1749264055,0.59500000,5617.60000000,0.646
1749264055,0.59400000,15.80000000,0.646
1749264055,0.59300000,24.80000000,0.646
1749264055,0.59200000,15.10000000,0.646
1749264055,0.59100000,35.50000000,0.646
1749264055,0.59000000,826.60000000,0.646
1749264055,0.58900000,38.10000000,0.646
1749264055,0.58800000,298.00000000,0.646
1749264055,0.58700000,35.20000000,0.646
1749264055,0.58600000,18643.60000000,0.646
1749264055,0.58500000,15.30000000,0.646
1749264055,0.58400000,40.30000000,0.646
1749264055,0.58300000,888.20000000,0.646
1749264055,0.58200000,115.40000000,0.646
1749264055,0.58100000,1083.40000000,0.646
1749264055,0.58000000,4780.00000000,0.646
1749264055,0.57900000,25.40000000,0.646
1749264055,0.57800000,288.50000000,0.646
1749264055,0.57700000,169.50000000,0.646
1749264055,0.57600000,89.20000000,0.646
1749264055,0.57500000,8.90000000,0.646
1749264055,0.57400000,1474.10000000,0.646
1749264055,0.57200000,31.70000000,0.646
1749264055,0.57100000,109.40000000,0.646
1749264055,0.57000000,1316.20000000,0.646
1749264055,0.56800000,2640.80000000,0.646
1749264055,0.56700000,50.00000000,0.646
1749264055,0.56500000,183.20000000,0.646
1749264055,0.56400000,9.00000000,0.646
1749264055,0.56300000,50.50000000,0.646
1749264055,0.56200000,19.50000000,0.646
1749264055,0.56100000,516.10000000,0.646
1749264055,0.56000000,13250.10000000,0.646
1749264055,0.55800000,217.60000000,0.646
1749264055,0.55600000,43.70000000,0.646
1749264055,0.55500000,108.70000000,0.646
1749264055,0.55200000,14.40000000,0.646
1749264055,0.55000000,4762.60000000,0.646
1749264055,0.54900000,553.50000000,0.646
1749264055,0.54700000,21.90000000,0.646
1749264055,0.54600000,8926.90000000,0.646
1749264055,0.54500000,250.00000000,0.646
1749264055,0.54400000,252.30000000,0.646
1749264055,0.54200000,178.20000000,0.646
1749264055,0.54000000,2208.60000000,0.646
1749264055,0.53700000,15.80000000,0.646
1749264055,0.53600000,18.60000000,0.646
1749264055,0.53500000,1408.30000000,0.646
1749264055,0.53200000,235.90000000,0.646
1749264357,0.64400000,4896.10000000,0.645
1749264357,0.64300000,142222.00000000,0.645
1749264357,0.64200000,93275.90000000,0.645
1749264357,0.64100000,50183.80000000,0.645
1749264357,0.64000000,40209.80000000,0.645
1749264357,0.63900000,26264.50000000,0.645
1749264357,0.63800000,26377.40000000,0.645
1749264357,0.63700000,24564.80000000,0.645
1749264357,0.63600000,18676.60000000,0.645
1749264357,0.63500000,15491.70000000,0.645
1749264357,0.63400000,32907.10000000,0.645
1749264357,0.63300000,9261.40000000,0.645
1749264357,0.63200000,5784.10000000,0.645
1749264357,0.63100000,2226.50000000,0.645
1749264357,0.63000000,6804.70000000,0.645
1749264357,0.62900000,3147.20000000,0.645
1749264357,0.62800000,4277.40000000,0.645
1749264357,0.62700000,1275.20000000,0.645
1749264357,0.62600000,1762.90000000,0.645
1749264357,0.62500000,5830.70000000,0.645
1749264357,0.62400000,1155.40000000,0.645
1749264357,0.62300000,981.50000000,0.645
1749264357,0.62200000,1374.00000000,0.645
1749264357,0.62100000,1890.40000000,0.645
1749264357,0.62000000,3811.90000000,0.645
1749264357,0.61900000,109418.80000000,0.645
1749264357,0.61800000,10447.50000000,0.645
1749264357,0.61700000,561.60000000,0.645
1749264357,0.61600000,3449.90000000,0.645
1749264357,0.61500000,308.40000000,0.645
1749264357,0.61400000,62.40000000,0.645
1749264357,0.61300000,275.10000000,0.645
1749264357,0.61200000,1055.60000000,0.645
1749264357,0.61100000,82.20000000,0.645
1749264357,0.61000000,2733.50000000,0.645
1749264357,0.60900000,15.80000000,0.645
1749264357,0.60800000,15.80000000,0.645
1749264357,0.60700000,4535.40000000,0.645
1749264357,0.60600000,63.40000000,0.645
1749264357,0.60500000,96.90000000,0.645
1749264357,0.60400000,281.60000000,0.645
1749264357,0.60300000,318.30000000,0.645
1749264357,0.60200000,753.50000000,0.645
1749264357,0.60100000,85.50000000,0.645
1749264357,0.60000000,21651.70000000,0.645
1749264357,0.59900000,359.30000000,0.645
1749264357,0.59800000,27.80000000,0.645
1749264357,0.59700000,91.30000000,0.645
1749264357,0.59600000,32.60000000,0.645
1749264357,0.59500000,5617.60000000,0.645
1749264357,0.59400000,688.10000000,0.645
1749264357,0.59300000,24.80000000,0.645
1749264357,0.59200000,15.10000000,0.645
1749264357,0.59100000,35.50000000,0.645
1749264357,0.59000000,826.60000000,0.645
1749264357,0.58900000,38.10000000,0.645
1749264357,0.58800000,298.00000000,0.645
1749264357,0.58700000,35.20000000,0.645
1749264357,0.58600000,18643.60000000,0.645
1749264357,0.58500000,15.30000000,0.645
1749264357,0.58400000,40.30000000,0.645
1749264357,0.58300000,888.20000000,0.645
1749264357,0.58200000,115.40000000,0.645
1749264357,0.58100000,1083.40000000,0.645
1749264357,0.58000000,4779.60000000,0.645
1749264357,0.57900000,25.40000000,0.645
1749264357,0.57800000,288.50000000,0.645
1749264357,0.57700000,169.50000000,0.645
1749264357,0.57600000,89.20000000,0.645
1749264357,0.57500000,24.40000000,0.645
1749264357,0.57400000,1489.60000000,0.645
1749264357,0.57200000,31.70000000,0.645
1749264357,0.57100000,109.40000000,0.645
1749264357,0.57000000,1316.20000000,0.645
1749264357,0.56800000,2640.80000000,0.645
1749264357,0.56700000,50.00000000,0.645
1749264357,0.56500000,183.20000000,0.645
1749264357,0.56400000,9.00000000,0.645
1749264357,0.56300000,50.50000000,0.645
1749264357,0.56200000,19.50000000,0.645
1749264357,0.56100000,516.10000000,0.645
1749264357,0.56000000,13250.10000000,0.645
1749264357,0.55800000,217.60000000,0.645
1749264357,0.55600000,43.70000000,0.645
1749264357,0.55500000,108.70000000,0.645
1749264357,0.55200000,14.40000000,0.645
1749264357,0.55000000,4762.60000000,0.645
1749264357,0.54900000,553.50000000,0.645
1749264357,0.54700000,21.90000000,0.645
1749264357,0.54600000,8926.90000000,0.645
1749264357,0.54500000,250.00000000,0.645
1749264357,0.54400000,252.30000000,0.645
1749264357,0.54200000,178.20000000,0.645
1749264357,0.54000000,2208.60000000,0.645
1749264357,0.53700000,15.80000000,0.645
1749264357,0.53600000,18.60000000,0.645
1749264357,0.53500000,1408.30000000,0.645
1749264357,0.53200000,235.90000000,0.645
1749264357,0.53000000,5848.90000000,0.645
1749264357,0.52900000,127.60000000,0.645
1749264658,0.64400000,7845.90000000,0.644
1749264658,0.64300000,139034.70000000,0.644
1749264658,0.64200000,106579.30000000,0.644
1749264658,0.64100000,60526.20000000,0.644
1749264658,0.64000000,33110.70000000,0.644
1749264658,0.63900000,10913.70000000,0.644
1749264658,0.63800000,39244.20000000,0.644
1749264658,0.63700000,22892.00000000,0.644
1749264658,0.63600000,18938.00000000,0.644
1749264658,0.63500000,16378.70000000,0.644
1749264658,0.63400000,21932.90000000,0.644
1749264658,0.63300000,6057.80000000,0.644
1749264658,0.63200000,2503.40000000,0.644
1749264658,0.63100000,4169.20000000,0.644
1749264658,0.63000000,7188.30000000,0.644
1749264658,0.62900000,1107.50000000,0.644
1749264658,0.62800000,3016.90000000,0.644
1749264658,0.62700000,1983.70000000,0.644
1749264658,0.62600000,1762.90000000,0.644
1749264658,0.62500000,5941.10000000,0.644
1749264658,0.62400000,996.80000000,0.644
1749264658,0.62300000,2057.40000000,0.644
1749264658,0.62200000,1695.60000000,0.644
1749264658,0.62100000,1003.10000000,0.644
1749264658,0.62000000,3811.90000000,0.644
1749264658,0.61900000,108692.40000000,0.644
1749264658,0.61800000,9504.10000000,0.644
1749264658,0.61700000,368.20000000,0.644
1749264658,0.61600000,3449.90000000,0.644
1749264658,0.61500000,308.40000000,0.644
1749264658,0.61400000,62.40000000,0.644
1749264658,0.61300000,275.10000000,0.644
1749264658,0.61200000,77.00000000,0.644
1749264658,0.61100000,82.20000000,0.644
1749264658,0.61000000,2718.70000000,0.644
1749264658,0.60900000,15.80000000,0.644
1749264658,0.60800000,15.80000000,0.644
1749264658,0.60700000,4535.40000000,0.644
1749264658,0.60600000,63.40000000,0.644
1749264658,0.60500000,96.90000000,0.644
1749264658,0.60400000,116.40000000,0.644
1749264658,0.60300000,318.30000000,0.644
1749264658,0.60200000,753.50000000,0.644
1749264658,0.60100000,85.50000000,0.644
1749264658,0.60000000,21651.70000000,0.644
1749264658,0.59900000,359.30000000,0.644
1749264658,0.59800000,27.80000000,0.644
1749264658,0.59700000,760.20000000,0.644
1749264658,0.59600000,32.60000000,0.644
1749264658,0.59500000,5617.60000000,0.644
1749264658,0.59400000,15.80000000,0.644
1749264658,0.59300000,24.80000000,0.644
1749264658,0.59200000,15.10000000,0.644
1749264658,0.59100000,15.20000000,0.644
1749264658,0.59000000,826.60000000,0.644
1749264658,0.58900000,38.10000000,0.644
1749264658,0.58800000,298.00000000,0.644
1749264658,0.58700000,35.20000000,0.644
1749264658,0.58600000,18643.60000000,0.644
1749264658,0.58500000,15.30000000,0.644
1749264658,0.58400000,40.30000000,0.644
1749264658,0.58300000,888.20000000,0.644
1749264658,0.58200000,115.40000000,0.644
1749264658,0.58100000,1045.80000000,0.644
1749264658,0.58000000,4817.20000000,0.644
1749264658,0.57900000,25.40000000,0.644
1749264658,0.57800000,288.50000000,0.644
1749264658,0.57700000,169.50000000,0.644
1749264658,0.57600000,89.20000000,0.644
1749264658,0.57500000,24.40000000,0.644
1749264658,0.57400000,1489.60000000,0.644
1749264658,0.57200000,31.70000000,0.644
1749264658,0.57100000,109.40000000,0.644
1749264658,0.57000000,1299.70000000,0.644
1749264658,0.56800000,2640.80000000,0.644
1749264658,0.56700000,50.00000000,0.644
1749264658,0.56500000,183.20000000,0.644
1749264658,0.56400000,9.00000000,0.644
1749264658,0.56300000,50.50000000,0.644
1749264658,0.56200000,19.50000000,0.644
1749264658,0.56100000,516.10000000,0.644
1749264658,0.56000000,13250.10000000,0.644
1749264658,0.55800000,217.60000000,0.644
1749264658,0.55600000,43.70000000,0.644
1749264658,0.55500000,108.70000000,0.644
1749264658,0.55200000,14.40000000,0.644
1749264658,0.55000000,4762.60000000,0.644
1749264658,0.54900000,553.50000000,0.644
1749264658,0.54700000,21.90000000,0.644
1749264658,0.54600000,8926.90000000,0.644
1749264658,0.54500000,250.00000000,0.644
1749264658,0.54400000,252.30000000,0.644
1749264658,0.54200000,178.20000000,0.644
1749264658,0.54000000,2208.60000000,0.644
1749264658,0.53700000,15.80000000,0.644
1749264658,0.53600000,18.60000000,0.644
1749264658,0.53500000,1408.30000000,0.644
1749264658,0.53200000,235.90000000,0.644
1749264658,0.53000000,5848.90000000,0.644
1749264658,0.52900000,127.60000000,0.644
1749264960,0.64700000,8405.80000000,0.647
1749264960,0.64600000,100778.10000000,0.647
1749264960,0.64500000,135173.60000000,0.647
1749264960,0.64400000,33327.70000000,0.647
1749264960,0.64300000,17650.50000000,0.647
1749264960,0.64200000,62496.40000000,0.647
1749264960,0.64100000,20821.00000000,0.647
1749264960,0.64000000,25890.20000000,0.647
1749264960,0.63900000,6018.20000000,0.647
1749264960,0.63800000,17380.70000000,0.647
1749264960,0.63700000,13842.90000000,0.647
1749264960,0.63600000,9747.30000000,0.647
1749264960,0.63500000,12264.10000000,0.647
1749264960,0.63400000,14613.00000000,0.647
1749264960,0.63300000,3917.40000000,0.647
1749264960,0.63200000,1824.70000000,0.647
1749264960,0.63100000,1991.20000000,0.647
1749264960,0.63000000,7096.30000000,0.647
1749264960,0.62900000,1264.80000000,0.647
1749264960,0.62800000,3820.90000000,0.647
1749264960,0.62700000,1020.50000000,0.647
1749264960,0.62600000,1004.70000000,0.647
1749264960,0.62500000,6657.00000000,0.647
1749264960,0.62400000,996.80000000,0.647
1749264960,0.62300000,1493.40000000,0.647
1749264960,0.62200000,1374.70000000,0.647
1749264960,0.62100000,1003.10000000,0.647
1749264960,0.62000000,2866.90000000,0.647
1749264960,0.61900000,107747.40000000,0.647
1749264960,0.61800000,7023.90000000,0.647
1749264960,0.61700000,2854.50000000,0.647
1749264960,0.61600000,3449.90000000,0.647
1749264960,0.61500000,308.40000000,0.647
1749264960,0.61400000,62.40000000,0.647
1749264960,0.61300000,275.10000000,0.647
1749264960,0.61200000,158.60000000,0.647
1749264960,0.61100000,82.20000000,0.647
1749264960,0.61000000,2718.70000000,0.647
1749264960,0.60900000,15.80000000,0.647
1749264960,0.60800000,15.80000000,0.647
1749264960,0.60700000,4535.40000000,0.647
1749264960,0.60600000,63.40000000,0.647
1749264960,0.60500000,96.90000000,0.647
1749264960,0.60400000,116.40000000,0.647
1749264960,0.60300000,318.30000000,0.647
1749264960,0.60200000,529.90000000,0.647
1749264960,0.60100000,85.50000000,0.647
1749264960,0.60000000,21651.70000000,0.647
1749264960,0.59900000,359.30000000,0.647
1749264960,0.59800000,2945.40000000,0.647
1749264960,0.59700000,91.30000000,0.647
1749264960,0.59600000,32.60000000,0.647
1749264960,0.59500000,5617.60000000,0.647
1749264960,0.59400000,15.80000000,0.647
1749264960,0.59300000,24.80000000,0.647
1749264960,0.59200000,15.10000000,0.647
1749264960,0.59100000,15.20000000,0.647
1749264960,0.59000000,826.60000000,0.647
1749264960,0.58900000,38.10000000,0.647
1749264960,0.58800000,298.00000000,0.647
1749264960,0.58700000,35.20000000,0.647
1749264960,0.58600000,18643.60000000,0.647
1749264960,0.58500000,15.30000000,0.647
1749264960,0.58400000,40.30000000,0.647
1749264960,0.58300000,888.20000000,0.647
1749264960,0.58200000,115.40000000,0.647
1749264960,0.58100000,1083.40000000,0.647
1749264960,0.58000000,4779.60000000,0.647
1749264960,0.57900000,25.40000000,0.647
1749264960,0.57800000,288.50000000,0.647
1749264960,0.57700000,169.50000000,0.647
1749264960,0.57600000,73.70000000,0.647
1749264960,0.57500000,8.90000000,0.647
1749264960,0.57400000,1474.10000000,0.647
1749264960,0.57200000,31.70000000,0.647
1749264960,0.57100000,109.40000000,0.647
1749264960,0.57000000,1299.70000000,0.647
1749264960,0.56800000,2640.80000000,0.647
1749264960,0.56700000,50.00000000,0.647
1749264960,0.56500000,183.20000000,0.647
1749264960,0.56400000,9.00000000,0.647
1749264960,0.56300000,50.50000000,0.647
1749264960,0.56200000,19.50000000,0.647
1749264960,0.56100000,516.10000000,0.647
1749264960,0.56000000,13250.10000000,0.647
1749264960,0.55800000,217.60000000,0.647
1749264960,0.55600000,43.70000000,0.647
1749264960,0.55500000,108.70000000,0.647
1749264960,0.55200000,14.40000000,0.647
1749264960,0.55000000,4762.60000000,0.647
1749264960,0.54900000,553.50000000,0.647
1749264960,0.54700000,21.90000000,0.647
1749264960,0.54600000,8926.90000000,0.647
1749264960,0.54500000,250.00000000,0.647
1749264960,0.54400000,252.30000000,0.647
1749264960,0.54200000,178.20000000,0.647
1749264960,0.54000000,2208.60000000,0.647
1749264960,0.53700000,15.80000000,0.647
1749264960,0.53600000,18.60000000,0.647
1749264960,0.53500000,1408.30000000,0.647
1749265261,0.64500000,31813.80000000,0.646
1749265261,0.64400000,156337.20000000,0.646
1749265261,0.64300000,101735.00000000,0.646
1749265261,0.64200000,55691.20000000,0.646
1749265261,0.64100000,17826.90000000,0.646
1749265261,0.64000000,27697.30000000,0.646
1749265261,0.63900000,23502.20000000,0.646
1749265261,0.63800000,15887.50000000,0.646
1749265261,0.63700000,30139.90000000,0.646
1749265261,0.63600000,9783.30000000,0.646
1749265261,0.63500000,10224.00000000,0.646
1749265261,0.63400000,8832.90000000,0.646
1749265261,0.63300000,6219.40000000,0.646
1749265261,0.63200000,1981.30000000,0.646
1749265261,0.63100000,2134.60000000,0.646
1749265261,0.63000000,6886.50000000,0.646
1749265261,0.62900000,1155.20000000,0.646
1749265261,0.62800000,3820.90000000,0.646
1749265261,0.62700000,972.70000000,0.646
1749265261,0.62600000,1162.80000000,0.646
1749265261,0.62500000,5782.70000000,0.646
1749265261,0.62400000,996.80000000,0.646
1749265261,0.62300000,4997.00000000,0.646
1749265261,0.62200000,1858.70000000,0.646
1749265261,0.62100000,1324.50000000,0.646
1749265261,0.62000000,3811.90000000,0.646
1749265261,0.61900000,107747.40000000,0.646
1749265261,0.61800000,9505.00000000,0.646
1749265261,0.61700000,368.20000000,0.646
1749265261,0.61600000,458.60000000,0.646
1749265261,0.61500000,341.00000000,0.646
1749265261,0.61400000,78.70000000,0.646
1749265261,0.61300000,242.30000000,0.646
1749265261,0.61200000,142.20000000,0.646
1749265261,0.61100000,82.20000000,0.646
1749265261,0.61000000,2718.70000000,0.646
1749265261,0.60900000,15.80000000,0.646
1749265261,0.60800000,15.80000000,0.646
1749265261,0.60700000,4535.40000000,0.646
1749265261,0.60600000,63.40000000,0.646
1749265261,0.60500000,96.90000000,0.646
1749265261,0.60400000,116.40000000,0.646
1749265261,0.60300000,541.70000000,0.646
1749265261,0.60200000,529.90000000,0.646
1749265261,0.60100000,85.50000000,0.646
1749265261,0.60000000,23201.70000000,0.646
1749265261,0.59900000,359.30000000,0.646
1749265261,0.59800000,695.60000000,0.646
1749265261,0.59700000,91.30000000,0.646
1749265261,0.59600000,32.60000000,0.646
1749265261,0.59500000,5617.60000000,0.646
1749265261,0.59400000,15.80000000,0.646
1749265261,0.59300000,24.80000000,0.646
1749265261,0.59200000,15.10000000,0.646
1749265261,0.59100000,15.20000000,0.646
1749265261,0.59000000,826.60000000,0.646
1749265261,0.58900000,38.10000000,0.646
1749265261,0.58800000,298.00000000,0.646
1749265261,0.58700000,35.20000000,0.646
1749265261,0.58600000,18643.60000000,0.646
1749265261,0.58500000,15.30000000,0.646
1749265261,0.58400000,40.30000000,0.646
1749265261,0.58300000,888.20000000,0.646
1749265261,0.58200000,153.00000000,0.646
1749265261,0.58100000,1083.40000000,0.646
1749265261,0.58000000,4742.00000000,0.646
1749265261,0.57900000,25.40000000,0.646
1749265261,0.57800000,288.50000000,0.646
1749265261,0.57700000,169.50000000,0.646
1749265261,0.57600000,89.20000000,0.646
1749265261,0.57500000,24.40000000,0.646
1749265261,0.57400000,1474.10000000,0.646
1749265261,0.57200000,31.70000000,0.646
1749265261,0.57100000,109.40000000,0.646
1749265261,0.57000000,1299.70000000,0.646
1749265261,0.56800000,2640.80000000,0.646
1749265261,0.56700000,50.00000000,0.646
1749265261,0.56500000,183.20000000,0.646
1749265261,0.56400000,9.00000000,0.646
1749265261,0.56300000,50.50000000,0.646
1749265261,0.56200000,19.50000000,0.646
1749265261,0.56100000,516.10000000,0.646
1749265261,0.56000000,13250.10000000,0.646
1749265261,0.55800000,217.60000000,0.646
1749265261,0.55600000,43.70000000,0.646
1749265261,0.55500000,108.70000000,0.646
1749265261,0.55200000,14.40000000,0.646
1749265261,0.55000000,4762.60000000,0.646
1749265261,0.54900000,553.50000000,0.646
1749265261,0.54700000,21.90000000,0.646
1749265261,0.54600000,8926.90000000,0.646
1749265261,0.54500000,250.00000000,0.646
1749265261,0.54400000,252.30000000,0.646
1749265261,0.54200000,178.20000000,0.646
1749265261,0.54000000,2208.60000000,0.646
1749265261,0.53700000,15.80000000,0.646
1749265261,0.53600000,18.60000000,0.646
1749265261,0.53500000,1408.30000000,0.646
1749265261,0.53200000,235.90000000,0.646
1749265261,0.53000000,5848.90000000,0.646
1749265563,0.64700000,25080.90000000,0.648
1749265563,0.64600000,136450.30000000,0.648
1749265563,0.64500000,90555.10000000,0.648
1749265563,0.64400000,60171.00000000,0.648
1749265563,0.64300000,38690.20000000,0.648
1749265563,0.64200000,36717.80000000,0.648
1749265563,0.64100000,19689.50000000,0.648
1749265563,0.64000000,25126.40000000,0.648
1749265563,0.63900000,10342.70000000,0.648
1749265563,0.63800000,17557.50000000,0.648
1749265563,0.63700000,24137.50000000,0.648
1749265563,0.63600000,7428.80000000,0.648
1749265563,0.63500000,9137.00000000,0.648
1749265563,0.63400000,6722.40000000,0.648
1749265563,0.63300000,3759.70000000,0.648
1749265563,0.63200000,1824.70000000,0.648
1749265563,0.63100000,2196.00000000,0.648
1749265563,0.63000000,7753.80000000,0.648
1749265563,0.62900000,1107.50000000,0.648
1749265563,0.62800000,2859.30000000,0.648
1749265563,0.62700000,1020.50000000,0.648
1749265563,0.62600000,1162.80000000,0.648
1749265563,0.62500000,6657.00000000,0.648
1749265563,0.62400000,996.80000000,0.648
1749265563,0.62300000,5317.40000000,0.648
1749265563,0.62200000,972.80000000,0.648
1749265563,0.62100000,58.10000000,0.648
1749265563,0.62000000,3811.90000000,0.648
1749265563,0.61900000,107747.40000000,0.648
1749265563,0.61800000,9505.90000000,0.648
1749265563,0.61700000,368.20000000,0.648
1749265563,0.61600000,458.60000000,0.648
1749265563,0.61500000,341.00000000,0.648
1749265563,0.61400000,95.00000000,0.648
1749265563,0.61300000,242.30000000,0.648
1749265563,0.61200000,142.20000000,0.648
1749265563,0.61100000,65.80000000,0.648
1749265563,0.61000000,2718.70000000,0.648
1749265563,0.60900000,15.80000000,0.648
1749265563,0.60800000,15.80000000,0.648
1749265563,0.60700000,4535.40000000,0.648
1749265563,0.60600000,63.40000000,0.648
1749265563,0.60500000,96.90000000,0.648
1749265563,0.60400000,116.40000000,0.648
1749265563,0.60300000,541.70000000,0.648
1749265563,0.60200000,529.90000000,0.648
1749265563,0.60100000,85.50000000,0.648
1749265563,0.60000000,23201.70000000,0.648
1749265563,0.59900000,359.30000000,0.648
1749265563,0.59800000,695.60000000,0.648
1749265563,0.59700000,91.30000000,0.648
1749265563,0.59600000,32.60000000,0.648
1749265563,0.59500000,5617.60000000,0.648
1749265563,0.59400000,15.80000000,0.648
1749265563,0.59300000,24.80000000,0.648
1749265563,0.59200000,15.10000000,0.648
1749265563,0.59100000,15.20000000,0.648
1749265563,0.59000000,826.60000000,0.648
1749265563,0.58900000,38.10000000,0.648
1749265563,0.58800000,298.00000000,0.648
1749265563,0.58700000,35.20000000,0.648
1749265563,0.58600000,18643.60000000,0.648
1749265563,0.58500000,15.30000000,0.648
1749265563,0.58400000,40.30000000,0.648
1749265563,0.58300000,925.80000000,0.648
1749265563,0.58200000,153.00000000,0.648
1749265563,0.58100000,1045.80000000,0.648
1749265563,0.58000000,4742.00000000,0.648
1749265563,0.57900000,25.40000000,0.648
1749265563,0.57800000,288.50000000,0.648
1749265563,0.57700000,169.50000000,0.648
1749265563,0.57600000,73.70000000,0.648
1749265563,0.57500000,8.90000000,0.648
1749265563,0.57400000,1474.10000000,0.648
1749265563,0.57200000,31.70000000,0.648
1749265563,0.57100000,109.40000000,0.648
1749265563,0.57000000,1299.70000000,0.648
1749265563,0.56800000,2640.80000000,0.648
1749265563,0.56700000,50.00000000,0.648
1749265563,0.56500000,183.20000000,0.648
1749265563,0.56400000,9.00000000,0.648
1749265563,0.56300000,50.50000000,0.648
1749265563,0.56200000,19.50000000,0.648
1749265563,0.56100000,516.10000000,0.648
1749265563,0.56000000,13240.60000000,0.648
1749265563,0.55800000,217.60000000,0.648
1749265563,0.55600000,43.70000000,0.648
1749265563,0.55500000,108.70000000,0.648
1749265563,0.55200000,14.40000000,0.648
1749265563,0.55000000,4762.60000000,0.648
1749265563,0.54900000,553.50000000,0.648
1749265563,0.54700000,21.90000000,0.648
1749265563,0.54600000,8926.90000000,0.648
1749265563,0.54500000,250.00000000,0.648
1749265563,0.54400000,252.30000000,0.648
1749265563,0.54200000,178.20000000,0.648
1749265563,0.54000000,2208.60000000,0.648
1749265563,0.53700000,15.80000000,0.648
1749265563,0.53600000,18.60000000,0.648
1749265563,0.53500000,1408.30000000,0.648
1749265864,0.64700000,8514.90000000,0.648
1749265864,0.64600000,139413.60000000,0.648
1749265864,0.64500000,125027.20000000,0.648
1749265864,0.64400000,38571.80000000,0.648
1749265864,0.64300000,43211.50000000,0.648
1749265864,0.64200000,35554.50000000,0.648
1749265864,0.64100000,17688.00000000,0.648
1749265864,0.64000000,32218.70000000,0.648
1749265864,0.63900000,14957.60000000,0.648
1749265864,0.63800000,19479.50000000,0.648
1749265864,0.63700000,26794.90000000,0.648
1749265864,0.63600000,8025.00000000,0.648
1749265864,0.63500000,8074.40000000,0.648
1749265864,0.63400000,8442.50000000,0.648
1749265864,0.63300000,3759.70000000,0.648
1749265864,0.63200000,1981.30000000,0.648
1749265864,0.63100000,2430.40000000,0.648
1749265864,0.63000000,6795.20000000,0.648
1749265864,0.62900000,1091.70000000,0.648
1749265864,0.62800000,3868.60000000,0.648
1749265864,0.62700000,972.70000000,0.648
1749265864,0.62600000,1162.80000000,0.648
1749265864,0.62500000,5782.70000000,0.648
1749265864,0.62400000,1396.70000000,0.648
1749265864,0.62300000,5480.10000000,0.648
1749265864,0.62200000,1695.60000000,0.648
1749265864,0.62100000,58.10000000,0.648
1749265864,0.62000000,3811.90000000,0.648
1749265864,0.61900000,108692.40000000,0.648
1749265864,0.61800000,9509.00000000,0.648
1749265864,0.61700000,368.20000000,0.648
1749265864,0.61600000,458.60000000,0.648
1749265864,0.61500000,341.00000000,0.648
1749265864,0.61400000,95.00000000,0.648
1749265864,0.61300000,242.30000000,0.648
1749265864,0.61200000,142.20000000,0.648
1749265864,0.61100000,65.80000000,0.648
1749265864,0.61000000,2718.70000000,0.648
1749265864,0.60900000,15.80000000,0.648
1749265864,0.60800000,15.80000000,0.648
1749265864,0.60700000,4535.40000000,0.648
1749265864,0.60600000,63.40000000,0.648
1749265864,0.60500000,96.90000000,0.648
1749265864,0.60400000,116.40000000,0.648
1749265864,0.60300000,541.70000000,0.648
1749265864,0.60200000,529.90000000,0.648
1749265864,0.60100000,85.50000000,0.648
1749265864,0.60000000,24056.60000000,0.648
1749265864,0.59900000,359.30000000,0.648
1749265864,0.59800000,695.60000000,0.648
1749265864,0.59700000,91.30000000,0.648
1749265864,0.59600000,32.60000000,0.648
1749265864,0.59500000,5617.60000000,0.648
1749265864,0.59400000,15.80000000,0.648
1749265864,0.59300000,24.80000000,0.648
1749265864,0.59200000,15.10000000,0.648
1749265864,0.59100000,15.20000000,0.648
1749265864,0.59000000,826.60000000,0.648
1749265864,0.58900000,38.10000000,0.648
1749265864,0.58800000,298.00000000,0.648
1749265864,0.58700000,35.20000000,0.648
1749265864,0.58600000,18643.60000000,0.648
1749265864,0.58500000,15.30000000,0.648
1749265864,0.58400000,40.30000000,0.648
1749265864,0.58300000,925.80000000,0.648
1749265864,0.58200000,115.40000000,0.648
1749265864,0.58100000,1083.40000000,0.648
1749265864,0.58000000,4742.00000000,0.648
1749265864,0.57900000,25.40000000,0.648
1749265864,0.57800000,288.50000000,0.648
1749265864,0.57700000,169.50000000,0.648
1749265864,0.57600000,73.70000000,0.648
1749265864,0.57500000,8.90000000,0.648
1749265864,0.57400000,1474.10000000,0.648
1749265864,0.57200000,31.70000000,0.648
1749265864,0.57100000,109.40000000,0.648
1749265864,0.57000000,1299.70000000,0.648
1749265864,0.56800000,2640.80000000,0.648
1749265864,0.56700000,50.00000000,0.648
1749265864,0.56500000,183.20000000,0.648
1749265864,0.56400000,9.00000000,0.648
1749265864,0.56300000,50.50000000,0.648
1749265864,0.56200000,19.50000000,0.648
1749265864,0.56100000,516.10000000,0.648
1749265864,0.56000000,13240.60000000,0.648
1749265864,0.55800000,217.60000000,0.648
1749265864,0.55600000,43.70000000,0.648
1749265864,0.55500000,108.70000000,0.648
1749265864,0.55200000,14.40000000,0.648
1749265864,0.55000000,4762.60000000,0.648
1749265864,0.54900000,553.50000000,0.648
1749265864,0.54700000,21.90000000,0.648
1749265864,0.54600000,8926.90000000,0.648
1749265864,0.54500000,250.00000000,0.648
1749265864,0.54400000,252.30000000,0.648
1749265864,0.54200000,178.20000000,0.648
1749265864,0.54000000,2208.60000000,0.648
1749265864,0.53700000,15.80000000,0.648
1749265864,0.53600000,18.60000000,0.648
1749265864,0.53500000,1408.30000000,0.648
1749266166,0.65100000,15459.60000000,0.651
1749266166,0.65000000,83795.00000000,0.651
1749266166,0.64900000,31469.80000000,0.651
1749266166,0.64800000,18616.30000000,0.651
1749266166,0.64700000,25386.10000000,0.651
1749266166,0.64600000,48418.90000000,0.651
1749266166,0.64500000,35790.50000000,0.651
1749266166,0.64400000,31481.20000000,0.651
1749266166,0.64300000,17317.50000000,0.651
1749266166,0.64200000,38909.20000000,0.651
1749266166,0.64100000,21259.70000000,0.651
1749266166,0.64000000,10328.70000000,0.651
1749266166,0.63900000,1876.80000000,0.651
1749266166,0.63800000,10841.70000000,0.651
1749266166,0.63700000,13853.90000000,0.651
1749266166,0.63600000,1938.50000000,0.651
1749266166,0.63500000,3975.10000000,0.651
1749266166,0.63400000,4113.30000000,0.651
1749266166,0.63300000,2032.60000000,0.651
1749266166,0.63200000,1824.70000000,0.651
1749266166,0.63100000,1977.20000000,0.651
1749266166,0.63000000,6182.30000000,0.651
1749266166,0.62900000,1250.40000000,0.651
1749266166,0.62800000,2101.10000000,0.651
1749266166,0.62700000,972.70000000,0.651
1749266166,0.62600000,1877.60000000,0.651
1749266166,0.62500000,6502.10000000,0.651
1749266166,0.62400000,51.80000000,0.651
1749266166,0.62300000,228.00000000,0.651
1749266166,0.62200000,3133.90000000,0.651
1749266166,0.62100000,58.10000000,0.651
1749266166,0.62000000,2866.90000000,0.651
1749266166,0.61900000,107747.40000000,0.651
1749266166,0.61800000,9511.10000000,0.651
1749266166,0.61700000,368.20000000,0.651
1749266166,0.61600000,458.60000000,0.651
1749266166,0.61500000,357.30000000,0.651
1749266166,0.61400000,1086.70000000,0.651
1749266166,0.61300000,242.30000000,0.651
1749266166,0.61200000,109.40000000,0.651
1749266166,0.61100000,65.80000000,0.651
1749266166,0.61000000,2718.70000000,0.651
1749266166,0.60900000,15.80000000,0.651
1749266166,0.60800000,15.80000000,0.651
1749266166,0.60700000,4535.40000000,0.651
1749266166,0.60600000,63.40000000,0.651
1749266166,0.60500000,96.90000000,0.651
1749266166,0.60400000,116.40000000,0.651
1749266166,0.60300000,541.70000000,0.651
1749266166,0.60200000,529.90000000,0.651
1749266166,0.60100000,85.50000000,0.651
1749266166,0.60000000,24056.60000000,0.651
1749266166,0.59900000,1026.00000000,0.651
1749266166,0.59800000,27.80000000,0.651
1749266166,0.59700000,91.30000000,0.651
1749266166,0.59600000,32.60000000,0.651
1749266166,0.59500000,5617.60000000,0.651
1749266166,0.59400000,15.80000000,0.651
1749266166,0.59300000,24.80000000,0.651
1749266166,0.59200000,15.10000000,0.651
1749266166,0.59100000,15.20000000,0.651
1749266166,0.59000000,826.60000000,0.651
1749266166,0.58900000,38.10000000,0.651
1749266166,0.58800000,298.00000000,0.651
1749266166,0.58700000,35.20000000,0.651
1749266166,0.58600000,18643.60000000,0.651
1749266166,0.58500000,15.30000000,0.651
1749266166,0.58400000,77.90000000,0.651
1749266166,0.58300000,888.20000000,0.651
1749266166,0.58200000,115.40000000,0.651
1749266166,0.58100000,1083.40000000,0.651
1749266166,0.58000000,4726.60000000,0.651
1749266166,0.57900000,10.00000000,0.651
1749266166,0.57800000,273.00000000,0.651
1749266166,0.57700000,154.00000000,0.651
1749266166,0.57600000,73.70000000,0.651
1749266166,0.57500000,8.90000000,0.651
1749266166,0.57400000,1474.10000000,0.651
1749266166,0.57200000,31.70000000,0.651
1749266166,0.57100000,109.40000000,0.651
1749266166,0.57000000,1299.70000000,0.651
1749266166,0.56800000,2640.80000000,0.651
1749266166,0.56700000,50.00000000,0.651
1749266166,0.56500000,183.20000000,0.651
1749266166,0.56400000,9.00000000,0.651
1749266166,0.56300000,50.50000000,0.651
1749266166,0.56200000,19.50000000,0.651
1749266166,0.56100000,516.10000000,0.651
1749266166,0.56000000,13240.60000000,0.651
1749266166,0.55800000,217.60000000,0.651
1749266166,0.55600000,43.70000000,0.651
1749266166,0.55500000,108.70000000,0.651
1749266166,0.55200000,14.40000000,0.651
1749266166,0.55000000,4762.60000000,0.651
1749266166,0.54900000,553.50000000,0.651
1749266166,0.54700000,21.90000000,0.651
1749266166,0.54600000,8926.90000000,0.651
1749266166,0.54500000,250.00000000,0.651
1749266166,0.54400000,252.30000000,0.651
1749266166,0.54200000,178.20000000,0.651
1749266467,0.64800000,2929.90000000,0.648
1749266467,0.64700000,131085.70000000,0.648
1749266467,0.64600000,119366.30000000,0.648
1749266467,0.64500000,55144.10000000,0.648
1749266467,0.64400000,41755.40000000,0.648
1749266467,0.64300000,34009.20000000,0.648
1749266467,0.64200000,19571.00000000,0.648
1749266467,0.64100000,20899.70000000,0.648
1749266467,0.64000000,19542.70000000,0.648
1749266467,0.63900000,11556.20000000,0.648
1749266467,0.63800000,21024.90000000,0.648
1749266467,0.63700000,2543.50000000,0.648
1749266467,0.63600000,2684.00000000,0.648
1749266467,0.63500000,8528.60000000,0.648
1749266467,0.63400000,4196.50000000,0.648
1749266467,0.63300000,974.70000000,0.648
1749266467,0.63200000,1148.00000000,0.648
1749266467,0.63100000,1977.20000000,0.648
1749266467,0.63000000,2006.60000000,0.648
1749266467,0.62900000,1091.70000000,0.648
1749266467,0.62800000,2101.10000000,0.648
1749266467,0.62700000,1451.10000000,0.648
1749266467,0.62600000,1877.60000000,0.648
1749266467,0.62500000,6102.10000000,0.648
1749266467,0.62400000,452.40000000,0.648
1749266467,0.62300000,1173.00000000,0.648
1749266467,0.62200000,4078.90000000,0.648
1749266467,0.62100000,58.10000000,0.648
1749266467,0.62000000,3811.90000000,0.648
1749266467,0.61900000,110228.70000000,0.648
1749266467,0.61800000,7023.90000000,0.648
1749266467,0.61700000,368.20000000,0.648
1749266467,0.61600000,458.60000000,0.648
1749266467,0.61500000,357.30000000,0.648
1749266467,0.61400000,111.30000000,0.648
1749266467,0.61300000,242.30000000,0.648
1749266467,0.61200000,109.40000000,0.648
1749266467,0.61100000,65.80000000,0.648
1749266467,0.61000000,2718.70000000,0.648
1749266467,0.60900000,15.80000000,0.648
1749266467,0.60800000,15.80000000,0.648
1749266467,0.60700000,4535.40000000,0.648
1749266467,0.60600000,63.40000000,0.648
1749266467,0.60500000,96.90000000,0.648
1749266467,0.60400000,116.40000000,0.648
1749266467,0.60300000,541.70000000,0.648
1749266467,0.60200000,529.90000000,0.648
1749266467,0.60100000,85.50000000,0.648
1749266467,0.60000000,24056.60000000,0.648
1749266467,0.59900000,1026.00000000,0.648
1749266467,0.59800000,27.80000000,0.648
1749266467,0.59700000,91.30000000,0.648
1749266467,0.59600000,32.60000000,0.648
1749266467,0.59500000,5617.60000000,0.648
1749266467,0.59400000,15.80000000,0.648
1749266467,0.59300000,24.80000000,0.648
1749266467,0.59200000,15.10000000,0.648
1749266467,0.59100000,15.20000000,0.648
1749266467,0.59000000,826.60000000,0.648
1749266467,0.58900000,38.10000000,0.648
1749266467,0.58800000,298.00000000,0.648
1749266467,0.58700000,35.20000000,0.648
1749266467,0.58600000,18643.60000000,0.648
1749266467,0.58500000,15.30000000,0.648
1749266467,0.58400000,115.50000000,0.648
1749266467,0.58300000,888.20000000,0.648
1749266467,0.58200000,115.40000000,0.648
1749266467,0.58100000,1045.80000000,0.648
1749266467,0.58000000,4742.00000000,0.648
1749266467,0.57900000,25.40000000,0.648
1749266467,0.57800000,288.50000000,0.648
1749266467,0.57700000,154.00000000,0.648
1749266467,0.57600000,73.70000000,0.648
1749266467,0.57500000,8.90000000,0.648
1749266467,0.57400000,1474.10000000,0.648
1749266467,0.57200000,31.70000000,0.648
1749266467,0.57100000,109.40000000,0.648
1749266467,0.57000000,1299.70000000,0.648
1749266467,0.56800000,2640.80000000,0.648
1749266467,0.56700000,50.00000000,0.648
1749266467,0.56500000,183.20000000,0.648
1749266467,0.56400000,9.00000000,0.648
1749266467,0.56300000,50.50000000,0.648
1749266467,0.56200000,19.50000000,0.648
1749266467,0.56100000,516.10000000,0.648
1749266467,0.56000000,13240.60000000,0.648
1749266467,0.55800000,217.60000000,0.648
1749266467,0.55600000,43.70000000,0.648
1749266467,0.55500000,108.70000000,0.648
1749266467,0.55200000,14.40000000,0.648
1749266467,0.55000000,4762.60000000,0.648
1749266467,0.54900000,553.50000000,0.648
1749266467,0.54700000,21.90000000,0.648
1749266467,0.54600000,8926.90000000,0.648
1749266467,0.54500000,250.00000000,0.648
1749266467,0.54400000,252.30000000,0.648
1749266467,0.54200000,178.20000000,0.648
1749266467,0.54000000,2208.60000000,0.648
1749266467,0.53700000,15.80000000,0.648
1749266467,0.53600000,18.60000000,0.648
1749266769,0.65100000,8281.10000000,0.651
1749266769,0.65000000,70902.10000000,0.651
1749266769,0.64900000,111836.70000000,0.651
1749266769,0.64800000,47780.00000000,0.651
1749266769,0.64700000,40388.70000000,0.651
1749266769,0.64600000,29099.80000000,0.651
1749266769,0.64500000,47190.60000000,0.651
1749266769,0.64400000,10188.70000000,0.651
1749266769,0.64300000,10974.70000000,0.651
1749266769,0.64200000,32815.20000000,0.651
1749266769,0.64100000,43257.70000000,0.651
1749266769,0.64000000,22482.80000000,0.651
1749266769,0.63900000,10007.00000000,0.651
1749266769,0.63800000,5335.30000000,0.651
1749266769,0.63700000,1820.30000000,0.651
1749266769,0.63600000,1899.30000000,0.651
1749266769,0.63500000,9027.30000000,0.651
1749266769,0.63400000,2432.00000000,0.651
1749266769,0.63300000,2068.00000000,0.651
1749266769,0.63200000,1054.80000000,0.651
1749266769,0.63100000,2855.30000000,0.651
1749266769,0.63000000,2006.60000000,0.651
1749266769,0.62900000,1091.70000000,0.651
1749266769,0.62800000,2101.10000000,0.651
1749266769,0.62700000,2728.60000000,0.651
1749266769,0.62600000,1004.70000000,0.651
1749266769,0.62500000,5782.70000000,0.651
1749266769,0.62400000,1316.70000000,0.651
1749266769,0.62300000,228.00000000,0.651
1749266769,0.62200000,3133.90000000,0.651
1749266769,0.62100000,58.10000000,0.651
1749266769,0.62000000,2866.90000000,0.651
1749266769,0.61900000,2041.50000000,0.651
1749266769,0.61800000,7023.90000000,0.651
1749266769,0.61700000,368.20000000,0.651
1749266769,0.61600000,491.20000000,0.651
1749266769,0.61500000,341.00000000,0.651
1749266769,0.61400000,95.00000000,0.651
1749266769,0.61300000,242.30000000,0.651
1749266769,0.61200000,109.40000000,0.651
1749266769,0.61100000,65.80000000,0.651
1749266769,0.61000000,2718.70000000,0.651
1749266769,0.60900000,15.80000000,0.651
1749266769,0.60800000,15.80000000,0.651
1749266769,0.60700000,4260.20000000,0.651
1749266769,0.60600000,63.40000000,0.651
1749266769,0.60500000,96.90000000,0.651
1749266769,0.60400000,116.40000000,0.651
1749266769,0.60300000,541.70000000,0.651
1749266769,0.60200000,529.90000000,0.651
1749266769,0.60100000,85.50000000,0.651
1749266769,0.60000000,24056.60000000,0.651
1749266769,0.59900000,1026.00000000,0.651
1749266769,0.59800000,27.80000000,0.651
1749266769,0.59700000,91.30000000,0.651
1749266769,0.59600000,32.60000000,0.651
1749266769,0.59500000,5617.60000000,0.651
1749266769,0.59400000,15.80000000,0.651
1749266769,0.59300000,24.80000000,0.651
1749266769,0.59200000,15.10000000,0.651
1749266769,0.59100000,15.20000000,0.651
1749266769,0.59000000,826.60000000,0.651
1749266769,0.58900000,38.10000000,0.651
1749266769,0.58800000,298.00000000,0.651
1749266769,0.58700000,35.20000000,0.651
1749266769,0.58600000,18643.60000000,0.651
1749266769,0.58500000,15.30000000,0.651
1749266769,0.58400000,115.50000000,0.651
1749266769,0.58300000,888.20000000,0.651
1749266769,0.58200000,115.40000000,0.651
1749266769,0.58100000,1045.80000000,0.651
1749266769,0.58000000,4726.60000000,0.651
1749266769,0.57900000,10.00000000,0.651
1749266769,0.57800000,273.00000000,0.651
1749266769,0.57700000,154.00000000,0.651
1749266769,0.57600000,73.70000000,0.651
1749266769,0.57500000,8.90000000,0.651
1749266769,0.57400000,1474.10000000,0.651
1749266769,0.57200000,31.70000000,0.651
1749266769,0.57100000,109.40000000,0.651
1749266769,0.57000000,1299.70000000,0.651
1749266769,0.56800000,2640.80000000,0.651
1749266769,0.56700000,50.00000000,0.651
1749266769,0.56500000,183.20000000,0.651
1749266769,0.56400000,9.00000000,0.651
1749266769,0.56300000,50.50000000,0.651
1749266769,0.56200000,19.50000000,0.651
1749266769,0.56100000,516.10000000,0.651
1749266769,0.56000000,13240.60000000,0.651
1749266769,0.55800000,217.60000000,0.651
1749266769,0.55600000,43.70000000,0.651
1749266769,0.55500000,108.70000000,0.651
1749266769,0.55200000,14.40000000,0.651
1749266769,0.55000000,4762.60000000,0.651
1749266769,0.54900000,553.50000000,0.651
1749266769,0.54700000,21.90000000,0.651
1749266769,0.54600000,8926.90000000,0.651
1749266769,0.54500000,250.00000000,0.651
1749266769,0.54400000,252.30000000,0.651
1749266769,0.54200000,178.20000000,0.651
1749267070,0.64800000,47525.60000000,0.649
1749267070,0.64700000,149166.60000000,0.649
1749267070,0.64600000,83861.70000000,0.649
1749267070,0.64500000,56884.40000000,0.649
1749267070,0.64400000,28231.00000000,0.649
1749267070,0.64300000,13797.90000000,0.649
1749267070,0.64200000,31023.70000000,0.649
1749267070,0.64100000,24130.40000000,0.649
1749267070,0.64000000,18410.90000000,0.649
1749267070,0.63900000,16544.70000000,0.649
1749267070,0.63800000,16974.70000000,0.649
1749267070,0.63700000,2066.40000000,0.649
1749267070,0.63600000,2415.60000000,0.649
1749267070,0.63500000,8369.20000000,0.649
1749267070,0.63400000,2289.20000000,0.649
1749267070,0.63300000,1067.80000000,0.649
1749267070,0.63200000,1102.20000000,0.649
1749267070,0.63100000,1929.70000000,0.649
1749267070,0.63000000,2006.60000000,0.649
1749267070,0.62900000,1091.70000000,0.649
1749267070,0.62800000,5119.10000000,0.649
1749267070,0.62700000,1451.10000000,0.649
1749267070,0.62600000,1884.90000000,0.649
1749267070,0.62500000,6502.10000000,0.649
1749267070,0.62400000,996.80000000,0.649
1749267070,0.62300000,228.00000000,0.649
1749267070,0.62200000,972.80000000,0.649
1749267070,0.62100000,58.10000000,0.649
1749267070,0.62000000,2866.90000000,0.649
1749267070,0.61900000,2527.50000000,0.649
1749267070,0.61800000,7023.90000000,0.649
1749267070,0.61700000,368.20000000,0.649
1749267070,0.61600000,491.20000000,0.649
1749267070,0.61500000,341.00000000,0.649
1749267070,0.61400000,78.70000000,0.649
1749267070,0.61300000,242.30000000,0.649
1749267070,0.61200000,125.80000000,0.649
1749267070,0.61100000,65.80000000,0.649
1749267070,0.61000000,2718.70000000,0.649
1749267070,0.60900000,15.80000000,0.649
1749267070,0.60800000,15.80000000,0.649
1749267070,0.60700000,4260.20000000,0.649
1749267070,0.60600000,63.40000000,0.649
1749267070,0.60500000,96.90000000,0.649
1749267070,0.60400000,116.40000000,0.649
1749267070,0.60300000,541.70000000,0.649
1749267070,0.60200000,529.90000000,0.649
1749267070,0.60100000,85.50000000,0.649
1749267070,0.60000000,24056.60000000,0.649
1749267070,0.59900000,1026.00000000,0.649
1749267070,0.59800000,27.80000000,0.649
1749267070,0.59700000,91.30000000,0.649
1749267070,0.59600000,32.60000000,0.649
1749267070,0.59500000,5617.60000000,0.649
1749267070,0.59400000,15.80000000,0.649
1749267070,0.59300000,24.80000000,0.649
1749267070,0.59200000,15.10000000,0.649
1749267070,0.59100000,15.20000000,0.649
1749267070,0.59000000,826.60000000,0.649
1749267070,0.58900000,38.10000000,0.649
1749267070,0.58800000,298.00000000,0.649
1749267070,0.58700000,35.20000000,0.649
1749267070,0.58600000,18643.60000000,0.649
1749267070,0.58500000,15.30000000,0.649
1749267070,0.58400000,115.50000000,0.649
1749267070,0.58300000,888.20000000,0.649
1749267070,0.58200000,115.40000000,0.649
1749267070,0.58100000,1045.80000000,0.649
1749267070,0.58000000,4742.00000000,0.649
1749267070,0.57900000,25.50000000,0.649
1749267070,0.57800000,288.50000000,0.649
1749267070,0.57700000,154.00000000,0.649
1749267070,0.57600000,73.70000000,0.649
1749267070,0.57500000,8.90000000,0.649
1749267070,0.57400000,1474.10000000,0.649
1749267070,0.57200000,31.70000000,0.649
1749267070,0.57100000,109.40000000,0.649
1749267070,0.57000000,1299.70000000,0.649
1749267070,0.56800000,2640.80000000,0.649
1749267070,0.56700000,50.00000000,0.649
1749267070,0.56500000,183.20000000,0.649
1749267070,0.56400000,9.00000000,0.649
1749267070,0.56300000,50.50000000,0.649
1749267070,0.56200000,19.50000000,0.649
1749267070,0.56100000,516.10000000,0.649
1749267070,0.56000000,13240.60000000,0.649
1749267070,0.55800000,217.60000000,0.649
1749267070,0.55600000,43.70000000,0.649
1749267070,0.55500000,108.70000000,0.649
1749267070,0.55200000,14.40000000,0.649
1749267070,0.55000000,4762.60000000,0.649
1749267070,0.54900000,553.50000000,0.649
1749267070,0.54700000,21.90000000,0.649
1749267070,0.54600000,8926.90000000,0.649
1749267070,0.54500000,250.00000000,0.649
1749267070,0.54400000,252.30000000,0.649
1749267070,0.54200000,178.20000000,0.649
1749267070,0.54000000,2208.60000000,0.649
1749267070,0.53700000,15.80000000,0.649
1749267070,0.53600000,18.60000000,0.649
1749267372,0.65100000,6584.10000000,0.652
1749267372,0.65000000,114270.30000000,0.652
1749267372,0.64900000,89749.00000000,0.652
1749267372,0.64800000,57692.40000000,0.652
1749267372,0.64700000,43973.40000000,0.652
1749267372,0.64600000,43844.30000000,0.652
1749267372,0.64500000,6999.20000000,0.652
1749267372,0.64400000,25757.00000000,0.652
1749267372,0.64300000,10080.40000000,0.652
1749267372,0.64200000,22754.80000000,0.652
1749267372,0.64100000,25129.00000000,0.652
1749267372,0.64000000,18551.40000000,0.652
1749267372,0.63900000,12146.80000000,0.652
1749267372,0.63800000,2568.60000000,0.652
1749267372,0.63700000,2014.30000000,0.652
1749267372,0.63600000,3640.90000000,0.652
1749267372,0.63500000,7986.00000000,0.652
1749267372,0.63400000,2197.80000000,0.652
1749267372,0.63300000,1975.70000000,0.652
1749267372,0.63200000,1054.80000000,0.652
1749267372,0.63100000,972.60000000,0.652
1749267372,0.63000000,2006.60000000,0.652
1749267372,0.62900000,1091.70000000,0.652
1749267372,0.62800000,5996.50000000,0.652
1749267372,0.62700000,2360.10000000,0.652
1749267372,0.62600000,1004.70000000,0.652
1749267372,0.62500000,5782.70000000,0.652
1749267372,0.62400000,996.80000000,0.652
1749267372,0.62300000,36.50000000,0.652
1749267372,0.62200000,27.80000000,0.652
1749267372,0.62100000,58.10000000,0.652
1749267372,0.62000000,2866.90000000,0.652
1749267372,0.61900000,47.90000000,0.652
1749267372,0.61800000,7023.90000000,0.652
1749267372,0.61700000,368.20000000,0.652
1749267372,0.61600000,491.20000000,0.652
1749267372,0.61500000,341.00000000,0.652
1749267372,0.61400000,78.70000000,0.652
1749267372,0.61300000,242.30000000,0.652
1749267372,0.61200000,125.80000000,0.652
1749267372,0.61100000,65.80000000,0.652
1749267372,0.61000000,2718.70000000,0.652
1749267372,0.60900000,15.80000000,0.652
1749267372,0.60800000,15.80000000,0.652
1749267372,0.60700000,4260.20000000,0.652
1749267372,0.60600000,63.40000000,0.652
1749267372,0.60500000,96.90000000,0.652
1749267372,0.60400000,116.40000000,0.652
1749267372,0.60300000,541.70000000,0.652
1749267372,0.60200000,529.90000000,0.652
1749267372,0.60100000,749.90000000,0.652
1749267372,0.60000000,24056.60000000,0.652
1749267372,0.59900000,359.30000000,0.652
1749267372,0.59800000,27.80000000,0.652
1749267372,0.59700000,91.30000000,0.652
1749267372,0.59600000,32.60000000,0.652
1749267372,0.59500000,5617.60000000,0.652
1749267372,0.59400000,15.80000000,0.652
1749267372,0.59300000,24.80000000,0.652
1749267372,0.59200000,15.10000000,0.652
1749267372,0.59100000,15.20000000,0.652
1749267372,0.59000000,826.60000000,0.652
1749267372,0.58900000,38.10000000,0.652
1749267372,0.58800000,298.00000000,0.652
1749267372,0.58700000,35.20000000,0.652
1749267372,0.58600000,18643.60000000,0.652
1749267372,0.58500000,52.90000000,0.652
1749267372,0.58400000,77.90000000,0.652
1749267372,0.58300000,888.20000000,0.652
1749267372,0.58200000,115.40000000,0.652
1749267372,0.58100000,1045.80000000,0.652
1749267372,0.58000000,4726.60000000,0.652
1749267372,0.57900000,10.00000000,0.652
1749267372,0.57800000,273.00000000,0.652
1749267372,0.57700000,154.00000000,0.652
1749267372,0.57600000,73.70000000,0.652
1749267372,0.57500000,8.90000000,0.652
1749267372,0.57400000,1474.10000000,0.652
1749267372,0.57200000,31.70000000,0.652
1749267372,0.57100000,109.40000000,0.652
1749267372,0.57000000,1299.70000000,0.652
1749267372,0.56800000,2640.80000000,0.652
1749267372,0.56700000,50.00000000,0.652
1749267372,0.56500000,183.20000000,0.652
1749267372,0.56400000,9.00000000,0.652
1749267372,0.56300000,50.50000000,0.652
1749267372,0.56200000,19.50000000,0.652
1749267372,0.56100000,516.10000000,0.652
1749267372,0.56000000,13240.60000000,0.652
1749267372,0.55800000,217.60000000,0.652
1749267372,0.55600000,43.70000000,0.652
1749267372,0.55500000,108.70000000,0.652
1749267372,0.55200000,14.40000000,0.652
1749267372,0.55000000,4762.60000000,0.652
1749267372,0.54900000,553.50000000,0.652
1749267372,0.54700000,21.90000000,0.652
1749267372,0.54600000,8926.90000000,0.652
1749267372,0.54500000,250.00000000,0.652
1749267372,0.54400000,252.30000000,0.652
1749267372,0.54200000,178.20000000,0.652
1749267673,0.65400000,329.70000000,0.654
1749267673,0.65300000,80822.70000000,0.654
1749267673,0.65200000,100084.20000000,0.654
1749267673,0.65100000,45331.90000000,0.654
1749267673,0.65000000,32220.40000000,0.654
1749267673,0.64900000,34756.50000000,0.654
1749267673,0.64800000,51846.70000000,0.654
1749267673,0.64700000,10236.80000000,0.654
1749267673,0.64600000,44034.40000000,0.654
1749267673,0.64500000,10760.60000000,0.654
1749267673,0.64400000,6917.70000000,0.654
1749267673,0.64300000,7720.80000000,0.654
1749267673,0.64200000,11193.90000000,0.654
1749267673,0.64100000,13924.00000000,0.654
1749267673,0.64000000,18876.30000000,0.654
1749267673,0.63900000,1675.40000000,0.654
1749267673,0.63800000,3289.20000000,0.654
1749267673,0.63700000,2286.60000000,0.654
1749267673,0.63600000,1742.40000000,0.654
1749267673,0.63500000,7986.00000000,0.654
1749267673,0.63400000,2742.20000000,0.654
1749267673,0.63300000,1119.30000000,0.654
1749267673,0.63200000,5263.50000000,0.654
1749267673,0.63100000,972.60000000,0.654
1749267673,0.63000000,1849.50000000,0.654
1749267673,0.62900000,1967.70000000,0.654
1749267673,0.62800000,5835.10000000,0.654
1749267673,0.62700000,1643.00000000,0.654
1749267673,0.62600000,1004.70000000,0.654
1749267673,0.62500000,1574.00000000,0.654
1749267673,0.62400000,51.80000000,0.654
1749267673,0.62300000,36.50000000,0.654
1749267673,0.62200000,27.80000000,0.654
1749267673,0.62100000,58.10000000,0.654
1749267673,0.62000000,2866.90000000,0.654
1749267673,0.61900000,47.90000000,0.654
1749267673,0.61800000,7023.90000000,0.654
1749267673,0.61700000,368.20000000,0.654
1749267673,0.61600000,491.20000000,0.654
1749267673,0.61500000,341.00000000,0.654
1749267673,0.61400000,78.70000000,0.654
1749267673,0.61300000,242.30000000,0.654
1749267673,0.61200000,125.80000000,0.654
1749267673,0.61100000,65.80000000,0.654
1749267673,0.61000000,2718.70000000,0.654
1749267673,0.60900000,15.80000000,0.654
1749267673,0.60800000,15.80000000,0.654
1749267673,0.60700000,4260.20000000,0.654
1749267673,0.60600000,63.40000000,0.654
1749267673,0.60500000,96.90000000,0.654
1749267673,0.60400000,116.40000000,0.654
1749267673,0.60300000,541.70000000,0.654
1749267673,0.60200000,1193.20000000,0.654
1749267673,0.60100000,85.50000000,0.654
1749267673,0.60000000,24056.60000000,0.654
1749267673,0.59900000,359.30000000,0.654
1749267673,0.59800000,27.80000000,0.654
1749267673,0.59700000,91.30000000,0.654
1749267673,0.59600000,32.60000000,0.654
1749267673,0.59500000,5617.60000000,0.654
1749267673,0.59400000,15.80000000,0.654
1749267673,0.59300000,24.80000000,0.654
1749267673,0.59200000,15.10000000,0.654
