timestamp,price,volume,current_price
1749258288,0.65600000,1717.60000000,0.656
1749258288,0.65500000,62480.10000000,0.656
1749258288,0.65400000,117735.40000000,0.656
1749258288,0.65300000,61818.60000000,0.656
1749258288,0.65200000,28696.30000000,0.656
1749258288,0.65100000,14884.00000000,0.656
1749258288,0.65000000,14582.10000000,0.656
1749258288,0.64900000,31602.60000000,0.656
1749258288,0.64800000,12768.60000000,0.656
1749258288,0.64700000,11824.10000000,0.656
1749258288,0.64600000,57711.40000000,0.656
1749258288,0.64500000,14385.70000000,0.656
1749258288,0.64400000,15630.70000000,0.656
1749258288,0.64300000,19463.50000000,0.656
1749258288,0.64200000,9345.00000000,0.656
1749258288,0.64100000,5717.50000000,0.656
1749258288,0.64000000,7201.70000000,0.656
1749258288,0.63900000,5000.30000000,0.656
1749258288,0.63800000,6087.00000000,0.656
1749258288,0.63700000,2904.90000000,0.656
1749258288,0.63600000,1221.70000000,0.656
1749258288,0.63500000,5529.00000000,0.656
1749258288,0.63400000,1220.40000000,0.656
1749258288,0.63300000,2855.20000000,0.656
1749258288,0.63200000,13468.10000000,0.656
1749258288,0.63100000,1432.30000000,0.656
1749258288,0.63000000,4876.80000000,0.656
1749258288,0.62900000,548.40000000,0.656
1749258288,0.62800000,29.50000000,0.656
1749258288,0.62700000,16.00000000,0.656
1749258288,0.62600000,48.00000000,0.656
1749258288,0.62500000,1583.00000000,0.656
1749258288,0.62400000,40.10000000,0.656
1749258288,0.62300000,24.80000000,0.656
1749258288,0.62200000,842.70000000,0.656
1749258288,0.62100000,996.60000000,0.656
1749258288,0.62000000,5164.90000000,0.656
1749258288,0.61900000,47.90000000,0.656
1749258288,0.61800000,16731.70000000,0.656
1749258288,0.61700000,266.50000000,0.656
1749258288,0.61600000,458.60000000,0.656
1749258288,0.61500000,308.40000000,0.656
1749258288,0.61400000,164.60000000,0.656
1749258288,0.61300000,225.90000000,0.656
1749258288,0.61200000,38.10000000,0.656
1749258288,0.61100000,288.00000000,0.656
1749258288,0.61000000,2735.10000000,0.656
1749258288,0.60900000,15.80000000,0.656
1749258288,0.60800000,15.80000000,0.656
1749258288,0.60700000,4535.40000000,0.656
1749258288,0.60600000,722.40000000,0.656
1749258288,0.60500000,96.90000000,0.656
1749258288,0.60400000,116.40000000,0.656
1749258288,0.60300000,285.20000000,0.656
1749258288,0.60200000,529.90000000,0.656
1749258288,0.60100000,189.90000000,0.656
1749258288,0.60000000,21643.20000000,0.656
1749258288,0.59900000,376.00000000,0.656
1749258288,0.59800000,27.80000000,0.656
1749258288,0.59700000,91.30000000,0.656
1749258288,0.59600000,32.60000000,0.656
1749258288,0.59500000,5617.60000000,0.656
1749258288,0.59400000,15.80000000,0.656
1749258288,0.59300000,15.80000000,0.656
1749258288,0.59200000,15.10000000,0.656
1749258288,0.59100000,33.80000000,0.656
1749258288,0.59000000,826.60000000,0.656
1749258288,0.58900000,75.30000000,0.656
1749258288,0.58800000,298.00000000,0.656
1749258288,0.58700000,160.70000000,0.656
1749258288,0.58600000,18643.60000000,0.656
1749258288,0.58400000,25.00000000,0.656
1749258288,0.58300000,872.80000000,0.656
1749258288,0.58200000,100.00000000,0.656
1749258288,0.58100000,1030.40000000,0.656
1749258288,0.58000000,4820.50000000,0.656
1749258288,0.57900000,10.00000000,0.656
1749258288,0.57800000,273.00000000,0.656
1749258288,0.57700000,154.00000000,0.656
1749258288,0.57600000,73.70000000,0.656
1749258288,0.57500000,8.90000000,0.656
1749258288,0.57400000,1474.10000000,0.656
1749258288,0.57200000,31.70000000,0.656
1749258288,0.57100000,219.30000000,0.656
1749258288,0.57000000,1316.20000000,0.656
1749258288,0.56800000,2640.80000000,0.656
1749258288,0.56700000,50.00000000,0.656
1749258288,0.56500000,183.20000000,0.656
1749258288,0.56400000,9.00000000,0.656
1749258288,0.56300000,50.50000000,0.656
1749258288,0.56200000,19.50000000,0.656
1749258288,0.56100000,516.10000000,0.656
1749258288,0.56000000,13250.10000000,0.656
1749258288,0.55800000,217.60000000,0.656
1749258288,0.55600000,43.70000000,0.656
1749258288,0.55500000,135.70000000,0.656
1749258288,0.55200000,128.10000000,0.656
1749258288,0.55000000,4217.20000000,0.656
1749258288,0.54900000,553.50000000,0.656
1749258288,0.54700000,21.90000000,0.656
1749258591,0.65100000,5702.10000000,0.652
1749258591,0.65000000,105574.30000000,0.652
1749258591,0.64900000,117523.40000000,0.652
1749258591,0.64800000,62851.50000000,0.652
1749258591,0.64700000,15749.70000000,0.652
1749258591,0.64600000,41427.20000000,0.652
1749258591,0.64500000,17640.50000000,0.652
1749258591,0.64400000,12287.20000000,0.652
1749258591,0.64300000,14270.70000000,0.652
1749258591,0.64200000,18559.30000000,0.652
1749258591,0.64100000,37791.20000000,0.652
1749258591,0.64000000,11447.90000000,0.652
1749258591,0.63900000,24947.80000000,0.652
1749258591,0.63800000,21978.60000000,0.652
1749258591,0.63700000,11331.20000000,0.652
1749258591,0.63600000,7206.40000000,0.652
1749258591,0.63500000,9134.20000000,0.652
1749258591,0.63400000,1305.00000000,0.652
1749258591,0.63300000,5670.90000000,0.652
1749258591,0.63200000,3137.50000000,0.652
1749258591,0.63100000,1318.40000000,0.652
1749258591,0.63000000,1338.50000000,0.652
1749258591,0.62900000,6873.40000000,0.652
1749258591,0.62800000,3995.40000000,0.652
1749258591,0.62700000,9489.50000000,0.652
1749258591,0.62600000,1009.00000000,0.652
1749258591,0.62500000,1517.10000000,0.652
1749258591,0.62400000,56.20000000,0.652
1749258591,0.62300000,24.80000000,0.652
1749258591,0.62200000,2818.90000000,0.652
1749258591,0.62100000,62.50000000,0.652
1749258591,0.62000000,5148.70000000,0.652
1749258591,0.61900000,56.00000000,0.652
1749258591,0.61800000,7023.90000000,0.652
1749258591,0.61700000,7692.60000000,0.652
1749258591,0.61600000,458.60000000,0.652
1749258591,0.61500000,3527.90000000,0.652
1749258591,0.61400000,164.60000000,0.652
1749258591,0.61300000,225.90000000,0.652
1749258591,0.61200000,201.20000000,0.652
1749258591,0.61100000,65.80000000,0.652
1749258591,0.61000000,2735.10000000,0.652
1749258591,0.60900000,15.80000000,0.652
1749258591,0.60800000,15.80000000,0.652
1749258591,0.60700000,4758.90000000,0.652
1749258591,0.60600000,722.40000000,0.652
1749258591,0.60500000,96.90000000,0.652
1749258591,0.60400000,116.40000000,0.652
1749258591,0.60300000,285.20000000,0.652
1749258591,0.60200000,529.90000000,0.652
1749258591,0.60100000,189.90000000,0.652
1749258591,0.60000000,21643.20000000,0.652
1749258591,0.59900000,376.00000000,0.652
1749258591,0.59800000,27.80000000,0.652
1749258591,0.59700000,91.30000000,0.652
1749258591,0.59600000,32.60000000,0.652
1749258591,0.59500000,5617.60000000,0.652
1749258591,0.59400000,15.80000000,0.652
1749258591,0.59300000,15.80000000,0.652
1749258591,0.59200000,1703.10000000,0.652
1749258591,0.59100000,33.80000000,0.652
1749258591,0.59000000,826.60000000,0.652
1749258591,0.58900000,75.30000000,0.652
1749258591,0.58800000,298.00000000,0.652
1749258591,0.58700000,142.10000000,0.652
1749258591,0.58600000,18662.40000000,0.652
1749258591,0.58500000,15.30000000,0.652
1749258591,0.58400000,40.30000000,0.652
1749258591,0.58300000,888.20000000,0.652
1749258591,0.58200000,115.40000000,0.652
1749258591,0.58100000,1045.80000000,0.652
1749258591,0.58000000,4820.50000000,0.652
1749258591,0.57900000,10.00000000,0.652
1749258591,0.57800000,273.00000000,0.652
1749258591,0.57700000,154.00000000,0.652
1749258591,0.57600000,73.70000000,0.652
1749258591,0.57500000,8.90000000,0.652
1749258591,0.57400000,1474.10000000,0.652
1749258591,0.57200000,31.70000000,0.652
1749258591,0.57100000,219.30000000,0.652
1749258591,0.57000000,1316.20000000,0.652
1749258591,0.56800000,2640.80000000,0.652
1749258591,0.56700000,50.00000000,0.652
1749258591,0.56500000,183.20000000,0.652
1749258591,0.56400000,9.00000000,0.652
1749258591,0.56300000,50.50000000,0.652
1749258591,0.56200000,19.50000000,0.652
1749258591,0.56100000,516.10000000,0.652
1749258591,0.56000000,13250.10000000,0.652
1749258591,0.55800000,217.60000000,0.652
1749258591,0.55600000,761.80000000,0.652
1749258591,0.55500000,108.70000000,0.652
1749258591,0.55200000,128.10000000,0.652
1749258591,0.55000000,4217.20000000,0.652
1749258591,0.54900000,553.50000000,0.652
1749258591,0.54700000,21.90000000,0.652
1749258591,0.54600000,8926.90000000,0.652
1749258591,0.54400000,252.30000000,0.652
1749258591,0.54200000,178.20000000,0.652
1749258591,0.54000000,2208.60000000,0.652
1749258916,0.65000000,1401.70000000,0.65
1749258916,0.64900000,43274.70000000,0.65
1749258916,0.64800000,106253.40000000,0.65
1749258916,0.64700000,105923.00000000,0.65
1749258916,0.64600000,39982.80000000,0.65
1749258916,0.64500000,17160.70000000,0.65
1749258916,0.64400000,19103.00000000,0.65
1749258916,0.64300000,26565.80000000,0.65
1749258916,0.64200000,15241.10000000,0.65
1749258916,0.64100000,31714.70000000,0.65
1749258916,0.64000000,36581.70000000,0.65
1749258916,0.63900000,11739.20000000,0.65
1749258916,0.63800000,15671.10000000,0.65
1749258916,0.63700000,35963.80000000,0.65
1749258916,0.63600000,8183.40000000,0.65
1749258916,0.63500000,9121.30000000,0.65
1749258916,0.63400000,4177.90000000,0.65
1749258916,0.63300000,2591.70000000,0.65
1749258916,0.63200000,6019.80000000,0.65
1749258916,0.63100000,2335.80000000,0.65
1749258916,0.63000000,1289.40000000,0.65
1749258916,0.62900000,6487.50000000,0.65
1749258916,0.62800000,5914.40000000,0.65
1749258916,0.62700000,10446.10000000,0.65
1749258916,0.62600000,1470.00000000,0.65
1749258916,0.62500000,5527.70000000,0.65
1749258916,0.62400000,1001.20000000,0.65
1749258916,0.62300000,24.80000000,0.65
1749258916,0.62200000,16.10000000,0.65
1749258916,0.62100000,46.40000000,0.65
1749258916,0.62000000,6093.50000000,0.65
1749258916,0.61900000,47.90000000,0.65
1749258916,0.61800000,7032.00000000,0.65
1749258916,0.61700000,2461.60000000,0.65
1749258916,0.61600000,1430.90000000,0.65
1749258916,0.61500000,6833.60000000,0.65
1749258916,0.61400000,3514.90000000,0.65
1749258916,0.61300000,225.90000000,0.65
1749258916,0.61200000,27.80000000,0.65
1749258916,0.61100000,65.80000000,0.65
1749258916,0.61000000,2718.70000000,0.65
1749258916,0.60900000,15.80000000,0.65
1749258916,0.60800000,15.80000000,0.65
1749258916,0.60700000,4535.40000000,0.65
1749258916,0.60600000,63.40000000,0.65
1749258916,0.60500000,96.90000000,0.65
1749258916,0.60400000,116.40000000,0.65
1749258916,0.60300000,285.20000000,0.65
1749258916,0.60200000,755.40000000,0.65
1749258916,0.60100000,189.90000000,0.65
1749258916,0.60000000,22308.80000000,0.65
1749258916,0.59900000,376.00000000,0.65
1749258916,0.59800000,27.80000000,0.65
1749258916,0.59700000,108.10000000,0.65
1749258916,0.59600000,32.60000000,0.65
1749258916,0.59500000,5617.60000000,0.65
1749258916,0.59400000,15.80000000,0.65
1749258916,0.59300000,15.80000000,0.65
1749258916,0.59200000,15.10000000,0.65
1749258916,0.59100000,15.20000000,0.65
1749258916,0.59000000,826.60000000,0.65
1749258916,0.58900000,38.10000000,0.65
1749258916,0.58800000,298.00000000,0.65
1749258916,0.58700000,142.10000000,0.65
1749258916,0.58600000,18662.40000000,0.65
1749258916,0.58500000,52.90000000,0.65
1749258916,0.58400000,59.10000000,0.65
1749258916,0.58300000,888.20000000,0.65
1749258916,0.58200000,115.40000000,0.65
1749258916,0.58100000,1045.80000000,0.65
1749258916,0.58000000,4835.90000000,0.65
1749258916,0.57900000,10.00000000,0.65
1749258916,0.57800000,273.00000000,0.65
1749258916,0.57700000,154.00000000,0.65
1749258916,0.57600000,73.70000000,0.65
1749258916,0.57500000,8.90000000,0.65
1749258916,0.57400000,1474.10000000,0.65
1749258916,0.57200000,31.70000000,0.65
1749258916,0.57100000,219.30000000,0.65
1749258916,0.57000000,1316.20000000,0.65
1749258916,0.56800000,2640.80000000,0.65
1749258916,0.56700000,50.00000000,0.65
1749258916,0.56500000,183.20000000,0.65
1749258916,0.56400000,9.00000000,0.65
1749258916,0.56300000,50.50000000,0.65
1749258916,0.56200000,19.50000000,0.65
1749258916,0.56100000,516.10000000,0.65
1749258916,0.56000000,13250.10000000,0.65
1749258916,0.55800000,217.60000000,0.65
1749258916,0.55600000,43.70000000,0.65
1749258916,0.55500000,108.70000000,0.65
1749258916,0.55200000,128.10000000,0.65
1749258916,0.55000000,4217.20000000,0.65
1749258916,0.54900000,553.50000000,0.65
1749258916,0.54700000,21.90000000,0.65
1749258916,0.54600000,8926.90000000,0.65
1749258916,0.54500000,250.00000000,0.65
1749258916,0.54400000,252.30000000,0.65
1749258916,0.54200000,178.20000000,0.65
1749258916,0.54000000,2208.60000000,0.65
1749259218,0.64700000,7074.60000000,0.647
1749259218,0.64600000,91284.00000000,0.647
1749259218,0.64500000,124455.20000000,0.647
1749259218,0.64400000,64218.40000000,0.647
1749259218,0.64300000,31505.50000000,0.647
1749259218,0.64200000,29055.40000000,0.647
1749259218,0.64100000,13981.90000000,0.647
1749259218,0.64000000,21820.30000000,0.647
1749259218,0.63900000,7254.00000000,0.647
1749259218,0.63800000,32787.60000000,0.647
1749259218,0.63700000,24160.70000000,0.647
1749259218,0.63600000,23243.00000000,0.647
1749259218,0.63500000,21029.00000000,0.647
1749259218,0.63400000,18570.70000000,0.647
1749259218,0.63300000,14164.10000000,0.647
1749259218,0.63200000,6229.20000000,0.647
1749259218,0.63100000,2656.00000000,0.647
1749259218,0.63000000,1137.40000000,0.647
1749259218,0.62900000,1139.30000000,0.647
1749259218,0.62800000,4409.40000000,0.647
1749259218,0.62700000,1304.60000000,0.647
1749259218,0.62600000,2918.20000000,0.647
1749259218,0.62500000,11432.40000000,0.647
1749259218,0.62400000,11464.00000000,0.647
1749259218,0.62300000,969.80000000,0.647
1749259218,0.62200000,961.10000000,0.647
1749259218,0.62100000,46.40000000,0.647
1749259218,0.62000000,7298.80000000,0.647
1749259218,0.61900000,47.90000000,0.647
1749259218,0.61800000,7023.90000000,0.647
1749259218,0.61700000,1371.50000000,0.647
1749259218,0.61600000,2959.50000000,0.647
1749259218,0.61500000,1251.10000000,0.647
1749259218,0.61400000,164.60000000,0.647
1749259218,0.61300000,3455.90000000,0.647
1749259218,0.61200000,6552.30000000,0.647
1749259218,0.61100000,65.80000000,0.647
1749259218,0.61000000,2897.10000000,0.647
1749259218,0.60900000,15.80000000,0.647
1749259218,0.60800000,15.80000000,0.647
1749259218,0.60700000,4535.40000000,0.647
1749259218,0.60600000,63.40000000,0.647
1749259218,0.60500000,321.30000000,0.647
1749259218,0.60400000,116.40000000,0.647
1749259218,0.60300000,285.20000000,0.647
1749259218,0.60200000,529.90000000,0.647
1749259218,0.60100000,189.90000000,0.647
1749259218,0.60000000,21643.20000000,0.647
1749259218,0.59900000,376.00000000,0.647
1749259218,0.59800000,695.60000000,0.647
1749259218,0.59700000,108.10000000,0.647
1749259218,0.59600000,32.60000000,0.647
1749259218,0.59500000,5617.60000000,0.647
1749259218,0.59400000,15.80000000,0.647
1749259218,0.59300000,15.80000000,0.647
1749259218,0.59200000,15.10000000,0.647
1749259218,0.59100000,35.50000000,0.647
1749259218,0.59000000,826.60000000,0.647
1749259218,0.58900000,38.10000000,0.647
1749259218,0.58800000,298.00000000,0.647
1749259218,0.58700000,142.10000000,0.647
1749259218,0.58600000,18643.60000000,0.647
1749259218,0.58500000,52.90000000,0.647
1749259218,0.58400000,59.10000000,0.647
1749259218,0.58300000,888.20000000,0.647
1749259218,0.58200000,134.20000000,0.647
1749259218,0.58100000,1045.80000000,0.647
1749259218,0.58000000,4835.90000000,0.647
1749259218,0.57900000,25.40000000,0.647
1749259218,0.57800000,288.50000000,0.647
1749259218,0.57700000,169.50000000,0.647
1749259218,0.57600000,73.70000000,0.647
1749259218,0.57500000,8.90000000,0.647
1749259218,0.57400000,1474.10000000,0.647
1749259218,0.57200000,31.70000000,0.647
1749259218,0.57100000,219.30000000,0.647
1749259218,0.57000000,1316.20000000,0.647
1749259218,0.56800000,2640.80000000,0.647
1749259218,0.56700000,50.00000000,0.647
1749259218,0.56500000,183.20000000,0.647
1749259218,0.56400000,9.00000000,0.647
1749259218,0.56300000,50.50000000,0.647
1749259218,0.56200000,19.50000000,0.647
1749259218,0.56100000,516.10000000,0.647
1749259218,0.56000000,13250.10000000,0.647
1749259218,0.55800000,217.60000000,0.647
1749259218,0.55600000,43.70000000,0.647
1749259218,0.55500000,108.70000000,0.647
1749259218,0.55200000,128.10000000,0.647
1749259218,0.55000000,4217.20000000,0.647
1749259218,0.54900000,553.50000000,0.647
1749259218,0.54700000,21.90000000,0.647
1749259218,0.54600000,8926.90000000,0.647
1749259218,0.54500000,250.00000000,0.647
1749259218,0.54400000,252.30000000,0.647
1749259218,0.54200000,178.20000000,0.647
1749259218,0.54000000,2208.60000000,0.647
1749259218,0.53700000,15.80000000,0.647
1749259218,0.53600000,18.60000000,0.647
1749259218,0.53500000,1408.30000000,0.647
