timestamp,price,volume,current_price
1749254515,0.63900000,12343.50000000,0.64
1749254515,0.63800000,82849.10000000,0.64
1749254515,0.63700000,60571.10000000,0.64
1749254515,0.63600000,32969.60000000,0.64
1749254515,0.63500000,23928.50000000,0.64
1749254515,0.63400000,9890.20000000,0.64
1749254515,0.63300000,13132.80000000,0.64
1749254515,0.63200000,7431.60000000,0.64
1749254515,0.63100000,12284.20000000,0.64
1749254515,0.63000000,36565.10000000,0.64
1749254515,0.62900000,46580.70000000,0.64
1749254515,0.62800000,28928.50000000,0.64
1749254515,0.62700000,20617.10000000,0.64
1749254515,0.62600000,15792.40000000,0.64
1749254515,0.62500000,22631.20000000,0.64
1749254515,0.62400000,5966.80000000,0.64
1749254515,0.62300000,5566.50000000,0.64
1749254515,0.62200000,15998.50000000,0.64
1749254515,0.62100000,1399.30000000,0.64
1749254515,0.62000000,1747.30000000,0.64
1749254515,0.61900000,1094.80000000,0.64
1749254515,0.61800000,8177.00000000,0.64
1749254515,0.61700000,6367.40000000,0.64
1749254515,0.61600000,11454.50000000,0.64
1749254515,0.61500000,1422.80000000,0.64
1749254515,0.61400000,1470.80000000,0.64
1749254515,0.61300000,1377.50000000,0.64
1749254515,0.61200000,3479.40000000,0.64
1749254515,0.61100000,1022.70000000,0.64
1749254515,0.61000000,4694.30000000,0.64
1749254515,0.60900000,1114.60000000,0.64
1749254515,0.60800000,4186.50000000,0.64
1749254515,0.60700000,4563.90000000,0.64
1749254515,0.60600000,158.90000000,0.64
1749254515,0.60500000,565.10000000,0.64
1749254515,0.60400000,128.50000000,0.64
1749254515,0.60300000,501.90000000,0.64
1749254515,0.60200000,2613.40000000,0.64
1749254515,0.60100000,85.50000000,0.64
1749254515,0.60000000,16617.70000000,0.64
1749254515,0.59900000,342.20000000,0.64
1749254515,0.59800000,27.80000000,0.64
1749254515,0.59700000,24.20000000,0.64
1749254515,0.59600000,32.60000000,0.64
1749254515,0.59500000,5886.60000000,0.64
1749254515,0.59400000,15.80000000,0.64
1749254515,0.59300000,15.80000000,0.64
1749254515,0.59200000,39.90000000,0.64
1749254515,0.59100000,15.80000000,0.64
1749254515,0.59000000,845.80000000,0.64
1749254515,0.58900000,24.30000000,0.64
1749254515,0.58800000,298.60000000,0.64
1749254515,0.58700000,35.80000000,0.64
1749254515,0.58600000,21706.90000000,0.64
1749254515,0.58500000,15.80000000,0.64
1749254515,0.58400000,40.80000000,0.64
1749254515,0.58300000,1745.70000000,0.64
1749254515,0.58200000,115.80000000,0.64
1749254515,0.58100000,1046.20000000,0.64
1749254515,0.58000000,5697.50000000,0.64
1749254515,0.57900000,25.80000000,0.64
1749254515,0.57800000,314.70000000,0.64
1749254515,0.57700000,169.80000000,0.64
1749254515,0.57600000,74.80000000,0.64
1749254515,0.57500000,100.70000000,0.64
1749254515,0.57400000,1600.50000000,0.64
1749254515,0.57300000,15.80000000,0.64
1749254515,0.57200000,47.30000000,0.64
1749254515,0.57100000,125.00000000,0.64
1749254515,0.57000000,1156.50000000,0.64
1749254515,0.56900000,15.70000000,0.64
1749254515,0.56800000,2640.80000000,0.64
1749254515,0.56700000,160.70000000,0.64
1749254515,0.56500000,70.80000000,0.64
1749254515,0.56400000,9.00000000,0.64
1749254515,0.56300000,63.40000000,0.64
1749254515,0.56200000,19.50000000,0.64
1749254515,0.56100000,516.10000000,0.64
1749254515,0.56000000,13250.10000000,0.64
1749254515,0.55800000,217.60000000,0.64
1749254515,0.55600000,43.70000000,0.64
1749254515,0.55500000,135.70000000,0.64
1749254515,0.55200000,14.40000000,0.64
1749254515,0.55000000,4019.80000000,0.64
1749254515,0.54900000,553.50000000,0.64
1749254515,0.54700000,52.10000000,0.64
1749254515,0.54600000,8926.90000000,0.64
1749254515,0.54500000,115.20000000,0.64
1749254515,0.54400000,252.30000000,0.64
1749254515,0.54200000,367.40000000,0.64
1749254515,0.54000000,2208.60000000,0.64
1749254515,0.53600000,18.60000000,0.64
1749254515,0.53500000,1408.30000000,0.64
1749254515,0.53200000,235.90000000,0.64
1749254515,0.53000000,5848.90000000,0.64
1749254515,0.52900000,127.60000000,0.64
1749254515,0.52800000,12.00000000,0.64
1749254515,0.52600000,9.70000000,0.64
1749254515,0.52500000,180.40000000,0.64
1749254515,0.52400000,31.70000000,0.64
1749254826,0.63800000,7493.30000000,0.638
1749254826,0.63700000,81512.70000000,0.638
1749254826,0.63600000,81621.90000000,0.638
1749254826,0.63500000,58255.40000000,0.638
1749254826,0.63400000,11682.10000000,0.638
1749254826,0.63300000,44145.00000000,0.638
1749254826,0.63200000,15396.30000000,0.638
1749254826,0.63100000,31655.10000000,0.638
1749254826,0.63000000,9579.50000000,0.638
1749254826,0.62900000,31120.70000000,0.638
1749254826,0.62800000,28077.80000000,0.638
1749254826,0.62700000,25299.10000000,0.638
1749254826,0.62600000,42887.80000000,0.638
1749254826,0.62500000,15923.70000000,0.638
1749254826,0.62400000,7005.80000000,0.638
1749254826,0.62300000,2265.60000000,0.638
1749254826,0.62200000,7311.40000000,0.638
1749254826,0.62100000,1291.80000000,0.638
1749254826,0.62000000,2551.90000000,0.638
1749254826,0.61900000,1141.70000000,0.638
1749254826,0.61800000,11520.60000000,0.638
1749254826,0.61700000,2334.10000000,0.638
1749254826,0.61600000,4406.20000000,0.638
1749254826,0.61500000,15209.60000000,0.638
1749254826,0.61400000,1782.70000000,0.638
1749254826,0.61300000,1578.70000000,0.638
1749254826,0.61200000,1167.80000000,0.638
1749254826,0.61100000,3435.10000000,0.638
1749254826,0.61000000,3663.70000000,0.638
1749254826,0.60900000,15.80000000,0.638
1749254826,0.60800000,1781.70000000,0.638
1749254826,0.60700000,4551.90000000,0.638
1749254826,0.60600000,1222.50000000,0.638
1749254826,0.60500000,206.90000000,0.638
1749254826,0.60400000,149.60000000,0.638
1749254826,0.60300000,403.30000000,0.638
1749254826,0.60200000,549.20000000,0.638
1749254826,0.60100000,85.50000000,0.638
1749254826,0.60000000,21617.70000000,0.638
1749254826,0.59900000,333.80000000,0.638
1749254826,0.59800000,251.10000000,0.638
1749254826,0.59700000,91.30000000,0.638
1749254826,0.59600000,32.60000000,0.638
1749254826,0.59500000,5886.60000000,0.638
1749254826,0.59400000,15.80000000,0.638
1749254826,0.59300000,15.80000000,0.638
1749254826,0.59200000,39.90000000,0.638
1749254826,0.59100000,15.80000000,0.638
1749254826,0.59000000,860.20000000,0.638
1749254826,0.58900000,24.30000000,0.638
1749254826,0.58800000,298.60000000,0.638
1749254826,0.58700000,35.80000000,0.638
1749254826,0.58600000,19432.70000000,0.638
1749254826,0.58500000,15.80000000,0.638
1749254826,0.58400000,40.80000000,0.638
1749254826,0.58300000,888.60000000,0.638
1749254826,0.58200000,115.80000000,0.638
1749254826,0.58100000,1046.20000000,0.638
1749254826,0.58000000,4836.30000000,0.638
1749254826,0.57900000,25.80000000,0.638
1749254826,0.57800000,314.70000000,0.638
1749254826,0.57700000,184.50000000,0.638
1749254826,0.57600000,74.80000000,0.638
1749254826,0.57500000,100.70000000,0.638
1749254826,0.57400000,1600.50000000,0.638
1749254826,0.57300000,15.60000000,0.638
1749254826,0.57200000,47.30000000,0.638
1749254826,0.57100000,125.00000000,0.638
1749254826,0.57000000,1331.80000000,0.638
1749254826,0.56900000,15.70000000,0.638
1749254826,0.56800000,2656.50000000,0.638
1749254826,0.56700000,160.70000000,0.638
1749254826,0.56500000,85.80000000,0.638
1749254826,0.56400000,9.00000000,0.638
1749254826,0.56300000,63.40000000,0.638
1749254826,0.56200000,19.50000000,0.638
1749254826,0.56100000,516.10000000,0.638
1749254826,0.56000000,13250.10000000,0.638
1749254826,0.55800000,217.60000000,0.638
1749254826,0.55600000,43.70000000,0.638
1749254826,0.55500000,135.70000000,0.638
1749254826,0.55200000,29.70000000,0.638
1749254826,0.55000000,4019.80000000,0.638
1749254826,0.54900000,553.50000000,0.638
1749254826,0.54700000,52.10000000,0.638
1749254826,0.54600000,8926.90000000,0.638
1749254826,0.54500000,115.20000000,0.638
1749254826,0.54400000,252.30000000,0.638
1749254826,0.54200000,367.40000000,0.638
1749254826,0.54000000,2208.60000000,0.638
1749254826,0.53900000,15.70000000,0.638
1749254826,0.53600000,18.60000000,0.638
1749254826,0.53500000,1408.30000000,0.638
1749254826,0.53200000,423.80000000,0.638
1749254826,0.53000000,5848.90000000,0.638
1749254826,0.52900000,127.60000000,0.638
1749254826,0.52800000,12.00000000,0.638
1749254826,0.52600000,25.80000000,0.638
1749254826,0.52500000,180.40000000,0.638
1749254826,0.52400000,31.70000000,0.638
