timestamp,price,volume,current_price
1749258414,0.01909000,114366.00000000,0.01911
1749258414,0.01908000,435971.00000000,0.01911
1749258414,0.01907000,451791.00000000,0.01911
1749258414,0.01906000,522681.00000000,0.01911
1749258414,0.01905000,89688.00000000,0.01911
1749258414,0.01904000,50787.00000000,0.01911
1749258414,0.01903000,54006.00000000,0.01911
1749258414,0.01902000,51608.00000000,0.01911
1749258414,0.01901000,67178.00000000,0.01911
1749258414,0.01900000,43726.00000000,0.01911
1749258414,0.01899000,49235.00000000,0.01911
1749258414,0.01898000,13459.00000000,0.01911
1749258414,0.01897000,76684.00000000,0.01911
1749258414,0.01896000,28220.00000000,0.01911
1749258414,0.01895000,457606.00000000,0.01911
1749258414,0.01894000,576772.00000000,0.01911
1749258414,0.01892000,10081.00000000,0.01911
1749258414,0.01891000,626787.00000000,0.01911
1749258414,0.01890000,1136964.00000000,0.01911
1749258414,0.01889000,17129.00000000,0.01911
1749258414,0.01888000,1756772.00000000,0.01911
1749258414,0.01887000,82603.00000000,0.01911
1749258414,0.01886000,1055618.00000000,0.01911
1749258414,0.01885000,27249.00000000,0.01911
1749258414,0.01884000,1115897.00000000,0.01911
1749258414,0.01883000,274.00000000,0.01911
1749258414,0.01882000,1222230.00000000,0.01911
1749258414,0.01880000,1256574.00000000,0.01911
1749258414,0.01879000,213106.00000000,0.01911
1749258414,0.01878000,1045720.00000000,0.01911
1749258414,0.01876000,1125355.00000000,0.01911
1749258414,0.01875000,274.00000000,0.01911
1749258414,0.01874000,1195124.00000000,0.01911
1749258414,0.01873000,150502.00000000,0.01911
1749258414,0.01872000,7332.00000000,0.01911
1749258414,0.01871000,1242124.00000000,0.01911
1749258414,0.01869000,28423.00000000,0.01911
1749258414,0.01866000,274.00000000,0.01911
1749258414,0.01865000,187585.00000000,0.01911
1749258414,0.01864000,456.00000000,0.01911
1749258414,0.01860000,352.00000000,0.01911
1749258414,0.01858000,274.00000000,0.01911
1749258414,0.01855000,4649.00000000,0.01911
1749258414,0.01852000,459.00000000,0.01911
1749258414,0.01850000,271.00000000,0.01911
1749258414,0.01849000,274.00000000,0.01911
1749258414,0.01848000,458.00000000,0.01911
1749258414,0.01842000,5428.00000000,0.01911
1749258414,0.01841000,736.00000000,0.01911
1749258414,0.01840000,352.00000000,0.01911
1749258414,0.01833000,11165.00000000,0.01911
1749258414,0.01830000,5929.00000000,0.01911
1749258414,0.01829000,24724.00000000,0.01911
1749258414,0.01825000,3479.00000000,0.01911
1749258414,0.01824000,458.00000000,0.01911
1749258414,0.01820000,352.00000000,0.01911
1749258414,0.01815000,1550.00000000,0.01911
1749258414,0.01814000,1674.00000000,0.01911
1749258414,0.01813000,3312.00000000,0.01911
1749258414,0.01812000,331.00000000,0.01911
1749258414,0.01803000,9553.00000000,0.01911
1749258414,0.01800000,2644.00000000,0.01911
1749258414,0.01790000,300.00000000,0.01911
1749258414,0.01782000,5050.00000000,0.01911
1749258414,0.01780000,8031.00000000,0.01911
1749258414,0.01773000,2090.00000000,0.01911
1749258414,0.01760000,352.00000000,0.01911
1749258414,0.01758000,5551.00000000,0.01911
1749258414,0.01757000,3415.00000000,0.01911
1749258414,0.01750000,6000.00000000,0.01911
1749258414,0.01747000,572.00000000,0.01911
1749258414,0.01745000,1464.00000000,0.01911
1749258414,0.01740000,714.00000000,0.01911
1749258414,0.01739000,28331.00000000,0.01911
1749258414,0.01737000,30980.00000000,0.01911
1749258414,0.01733000,5500.00000000,0.01911
1749258414,0.01730000,6240.00000000,0.01911
1749258414,0.01720000,1624.00000000,0.01911
1749258414,0.01716000,877.00000000,0.01911
1749258414,0.01700000,7737.00000000,0.01911
1749258414,0.01699000,3441.00000000,0.01911
1749258414,0.01698000,5300.00000000,0.01911
1749258414,0.01688000,5924.00000000,0.01911
1749258414,0.01681000,1000.00000000,0.01911
1749258414,0.01680000,6304.00000000,0.01911
1749258414,0.01660000,352.00000000,0.01911
1749258414,0.01658000,120024.00000000,0.01911
1749258414,0.01640000,352.00000000,0.01911
1749258414,0.01632000,3063.00000000,0.01911
1749258414,0.01622000,39480.00000000,0.01911
1749258414,0.01620000,352.00000000,0.01911
1749258414,0.01616000,1857.00000000,0.01911
1749258414,0.01615000,42662.00000000,0.01911
1749258414,0.01611000,2450.00000000,0.01911
1749258414,0.01600000,7914.00000000,0.01911
1749258414,0.01580000,352.00000000,0.01911
1749258414,0.01578000,63000.00000000,0.01911
1749258414,0.01570000,362.00000000,0.01911
1749258414,0.01560000,352.00000000,0.01911
1749258414,0.01540000,352.00000000,0.01911
1749258750,0.01909000,42579.00000000,0.0191
1749258750,0.01908000,341188.00000000,0.0191
1749258750,0.01907000,605474.00000000,0.0191
1749258750,0.01906000,477836.00000000,0.0191
1749258750,0.01905000,93179.00000000,0.0191
1749258750,0.01904000,45381.00000000,0.0191
1749258750,0.01903000,61599.00000000,0.0191
1749258750,0.01902000,70904.00000000,0.0191
1749258750,0.01901000,74771.00000000,0.0191
1749258750,0.01900000,50010.00000000,0.0191
1749258750,0.01899000,50544.00000000,0.0191
1749258750,0.01898000,19743.00000000,0.0191
1749258750,0.01897000,84277.00000000,0.0191
1749258750,0.01896000,52515.00000000,0.0191
1749258750,0.01895000,453013.00000000,0.0191
1749258750,0.01894000,522663.00000000,0.0191
1749258750,0.01893000,54109.00000000,0.0191
1749258750,0.01892000,8729.00000000,0.0191
1749258750,0.01891000,626787.00000000,0.0191
1749258750,0.01890000,1124217.00000000,0.0191
1749258750,0.01889000,17129.00000000,0.0191
1749258750,0.01888000,1756772.00000000,0.0191
1749258750,0.01887000,83912.00000000,0.0191
1749258750,0.01886000,1068394.00000000,0.0191
1749258750,0.01885000,27249.00000000,0.0191
1749258750,0.01884000,1117206.00000000,0.0191
1749258750,0.01883000,274.00000000,0.0191
1749258750,0.01882000,1222230.00000000,0.0191
1749258750,0.01881000,1309.00000000,0.0191
1749258750,0.01880000,1256574.00000000,0.0191
1749258750,0.01879000,213106.00000000,0.0191
1749258750,0.01878000,1047029.00000000,0.0191
1749258750,0.01876000,1159564.00000000,0.0191
1749258750,0.01875000,274.00000000,0.0191
1749258750,0.01874000,1195124.00000000,0.0191
1749258750,0.01873000,150502.00000000,0.0191
1749258750,0.01872000,458.00000000,0.0191
1749258750,0.01871000,1242124.00000000,0.0191
1749258750,0.01869000,1071.00000000,0.0191
1749258750,0.01866000,274.00000000,0.0191
1749258750,0.01865000,187585.00000000,0.0191
1749258750,0.01864000,456.00000000,0.0191
1749258750,0.01860000,352.00000000,0.0191
1749258750,0.01858000,274.00000000,0.0191
1749258750,0.01855000,4649.00000000,0.0191
1749258750,0.01852000,459.00000000,0.0191
1749258750,0.01850000,271.00000000,0.0191
1749258750,0.01849000,274.00000000,0.0191
1749258750,0.01848000,458.00000000,0.0191
1749258750,0.01842000,5428.00000000,0.0191
1749258750,0.01841000,736.00000000,0.0191
1749258750,0.01840000,352.00000000,0.0191
1749258750,0.01833000,11165.00000000,0.0191
1749258750,0.01830000,5929.00000000,0.0191
1749258750,0.01829000,24724.00000000,0.0191
1749258750,0.01825000,3479.00000000,0.0191
1749258750,0.01824000,458.00000000,0.0191
1749258750,0.01820000,352.00000000,0.0191
1749258750,0.01815000,1550.00000000,0.0191
1749258750,0.01814000,1674.00000000,0.0191
1749258750,0.01813000,3312.00000000,0.0191
1749258750,0.01812000,331.00000000,0.0191
1749258750,0.01803000,9553.00000000,0.0191
1749258750,0.01800000,2644.00000000,0.0191
1749258750,0.01790000,300.00000000,0.0191
1749258750,0.01782000,5050.00000000,0.0191
1749258750,0.01780000,8031.00000000,0.0191
1749258750,0.01773000,2090.00000000,0.0191
1749258750,0.01760000,352.00000000,0.0191
1749258750,0.01758000,5551.00000000,0.0191
1749258750,0.01757000,3415.00000000,0.0191
1749258750,0.01750000,6000.00000000,0.0191
1749258750,0.01747000,572.00000000,0.0191
1749258750,0.01745000,1464.00000000,0.0191
1749258750,0.01740000,714.00000000,0.0191
1749258750,0.01739000,28331.00000000,0.0191
1749258750,0.01737000,30980.00000000,0.0191
1749258750,0.01733000,5500.00000000,0.0191
1749258750,0.01730000,6240.00000000,0.0191
1749258750,0.01720000,352.00000000,0.0191
1749258750,0.01718000,1272.00000000,0.0191
1749258750,0.01716000,877.00000000,0.0191
1749258750,0.01700000,7737.00000000,0.0191
1749258750,0.01699000,3441.00000000,0.0191
1749258750,0.01698000,5300.00000000,0.0191
1749258750,0.01688000,5924.00000000,0.0191
1749258750,0.01681000,1000.00000000,0.0191
1749258750,0.01680000,6304.00000000,0.0191
1749258750,0.01660000,352.00000000,0.0191
1749258750,0.01658000,120024.00000000,0.0191
1749258750,0.01640000,352.00000000,0.0191
1749258750,0.01632000,3063.00000000,0.0191
1749258750,0.01622000,39480.00000000,0.0191
1749258750,0.01620000,352.00000000,0.0191
1749258750,0.01616000,1857.00000000,0.0191
1749258750,0.01615000,42662.00000000,0.0191
1749258750,0.01611000,2450.00000000,0.0191
1749258750,0.01600000,7914.00000000,0.0191
1749258750,0.01580000,352.00000000,0.0191
1749258750,0.01578000,63000.00000000,0.0191
1749259051,0.01910000,59809.00000000,0.01911
1749259051,0.01909000,141590.00000000,0.01911
1749259051,0.01908000,379399.00000000,0.01911
1749259051,0.01907000,439154.00000000,0.01911
1749259051,0.01906000,142761.00000000,0.01911
1749259051,0.01905000,79633.00000000,0.01911
1749259051,0.01904000,62086.00000000,0.01911
1749259051,0.01903000,54013.00000000,0.01911
1749259051,0.01902000,38988.00000000,0.01911
1749259051,0.01901000,67178.00000000,0.01911
1749259051,0.01900000,42417.00000000,0.01911
1749259051,0.01899000,50544.00000000,0.01911
1749259051,0.01898000,12150.00000000,0.01911
1749259051,0.01897000,76684.00000000,0.01911
1749259051,0.01896000,3821.00000000,0.01911
1749259051,0.01895000,28190.00000000,0.01911
1749259051,0.01894000,591036.00000000,0.01911
1749259051,0.01893000,452104.00000000,0.01911
1749259051,0.01892000,8755.00000000,0.01911
1749259051,0.01891000,626787.00000000,0.01911
1749259051,0.01890000,1124217.00000000,0.01911
1749259051,0.01889000,17129.00000000,0.01911
1749259051,0.01888000,1756772.00000000,0.01911
1749259051,0.01887000,83912.00000000,0.01911
1749259051,0.01886000,1068394.00000000,0.01911
1749259051,0.01885000,27249.00000000,0.01911
1749259051,0.01884000,1117206.00000000,0.01911
1749259051,0.01883000,274.00000000,0.01911
1749259051,0.01882000,1222230.00000000,0.01911
1749259051,0.01881000,1309.00000000,0.01911
1749259051,0.01880000,1263419.00000000,0.01911
1749259051,0.01879000,213106.00000000,0.01911
1749259051,0.01878000,1047029.00000000,0.01911
1749259051,0.01876000,1152690.00000000,0.01911
1749259051,0.01875000,274.00000000,0.01911
1749259051,0.01874000,1195124.00000000,0.01911
1749259051,0.01873000,150502.00000000,0.01911
1749259051,0.01872000,458.00000000,0.01911
1749259051,0.01871000,1242124.00000000,0.01911
1749259051,0.01869000,1071.00000000,0.01911
1749259051,0.01866000,274.00000000,0.01911
1749259051,0.01865000,187585.00000000,0.01911
1749259051,0.01864000,456.00000000,0.01911
1749259051,0.01860000,352.00000000,0.01911
1749259051,0.01858000,274.00000000,0.01911
1749259051,0.01855000,4649.00000000,0.01911
1749259051,0.01852000,459.00000000,0.01911
1749259051,0.01850000,271.00000000,0.01911
1749259051,0.01849000,274.00000000,0.01911
1749259051,0.01848000,458.00000000,0.01911
1749259051,0.01842000,5428.00000000,0.01911
1749259051,0.01841000,736.00000000,0.01911
1749259051,0.01840000,352.00000000,0.01911
1749259051,0.01834000,10886.00000000,0.01911
1749259051,0.01833000,274.00000000,0.01911
1749259051,0.01830000,5929.00000000,0.01911
1749259051,0.01829000,24724.00000000,0.01911
1749259051,0.01825000,3479.00000000,0.01911
1749259051,0.01824000,458.00000000,0.01911
1749259051,0.01820000,352.00000000,0.01911
1749259051,0.01815000,1550.00000000,0.01911
1749259051,0.01814000,1674.00000000,0.01911
1749259051,0.01813000,3312.00000000,0.01911
1749259051,0.01812000,331.00000000,0.01911
1749259051,0.01803000,9553.00000000,0.01911
1749259051,0.01800000,2644.00000000,0.01911
1749259051,0.01790000,300.00000000,0.01911
1749259051,0.01782000,5050.00000000,0.01911
1749259051,0.01780000,8031.00000000,0.01911
1749259051,0.01773000,2090.00000000,0.01911
1749259051,0.01760000,352.00000000,0.01911
1749259051,0.01758000,5551.00000000,0.01911
1749259051,0.01757000,3415.00000000,0.01911
1749259051,0.01750000,6000.00000000,0.01911
1749259051,0.01747000,572.00000000,0.01911
1749259051,0.01745000,1464.00000000,0.01911
1749259051,0.01740000,714.00000000,0.01911
1749259051,0.01739000,28331.00000000,0.01911
1749259051,0.01737000,30980.00000000,0.01911
1749259051,0.01733000,5500.00000000,0.01911
1749259051,0.01730000,6240.00000000,0.01911
1749259051,0.01720000,352.00000000,0.01911
1749259051,0.01718000,1272.00000000,0.01911
1749259051,0.01716000,877.00000000,0.01911
1749259051,0.01700000,7737.00000000,0.01911
1749259051,0.01699000,3441.00000000,0.01911
1749259051,0.01698000,5300.00000000,0.01911
1749259051,0.01688000,5924.00000000,0.01911
1749259051,0.01681000,1000.00000000,0.01911
1749259051,0.01680000,6304.00000000,0.01911
1749259051,0.01660000,352.00000000,0.01911
1749259051,0.01658000,120024.00000000,0.01911
1749259051,0.01640000,352.00000000,0.01911
1749259051,0.01632000,3063.00000000,0.01911
1749259051,0.01622000,39480.00000000,0.01911
1749259051,0.01620000,352.00000000,0.01911
1749259051,0.01616000,1857.00000000,0.01911
1749259051,0.01615000,42662.00000000,0.01911
1749259051,0.01611000,2450.00000000,0.01911
1749259051,0.01600000,7914.00000000,0.01911
