timestamp,price,volume,current_price
1749260797,0.01911000,41438.00000000,0.01911
1749260797,0.01910000,474385.00000000,0.01911
1749260797,0.01909000,603595.00000000,0.01911
1749260797,0.01908000,162746.00000000,0.01911
1749260797,0.01907000,91682.00000000,0.01911
1749260797,0.01906000,30321.00000000,0.01911
1749260797,0.01905000,78324.00000000,0.01911
1749260797,0.01904000,38099.00000000,0.01911
1749260797,0.01903000,66347.00000000,0.01911
1749260797,0.01902000,25533.00000000,0.01911
1749260797,0.01901000,78610.00000000,0.01911
1749260797,0.01900000,82662.00000000,0.01911
1749260797,0.01899000,448.00000000,0.01911
1749260797,0.01898000,22558.00000000,0.01911
1749260797,0.01897000,20109.00000000,0.01911
1749260797,0.01896000,529282.00000000,0.01911
1749260797,0.01895000,476462.00000000,0.01911
1749260797,0.01894000,15819.00000000,0.01911
1749260797,0.01893000,26230.00000000,0.01911
1749260797,0.01892000,37046.00000000,0.01911
1749260797,0.01891000,1151636.00000000,0.01911
1749260797,0.01890000,503.00000000,0.01911
1749260797,0.01889000,1074875.00000000,0.01911
1749260797,0.01888000,102319.00000000,0.01911
1749260797,0.01887000,1169288.00000000,0.01911
1749260797,0.01886000,26730.00000000,0.01911
1749260797,0.01885000,1076844.00000000,0.01911
1749260797,0.01884000,15819.00000000,0.01911
1749260797,0.01883000,1102758.00000000,0.01911
1749260797,0.01882000,28622.00000000,0.01911
1749260797,0.01881000,1047816.00000000,0.01911
1749260797,0.01880000,16171.00000000,0.01911
1749260797,0.01879000,1266445.00000000,0.01911
1749260797,0.01878000,12830.00000000,0.01911
1749260797,0.01877000,1079111.00000000,0.01911
1749260797,0.01876000,27756.00000000,0.01911
1749260797,0.01875000,1137152.00000000,0.01911
1749260797,0.01873000,1278032.00000000,0.01911
1749260797,0.01872000,458.00000000,0.01911
1749260797,0.01869000,1071.00000000,0.01911
1749260797,0.01866000,274.00000000,0.01911
1749260797,0.01865000,187585.00000000,0.01911
1749260797,0.01864000,456.00000000,0.01911
1749260797,0.01860000,352.00000000,0.01911
1749260797,0.01858000,274.00000000,0.01911
1749260797,0.01855000,4649.00000000,0.01911
1749260797,0.01852000,459.00000000,0.01911
1749260797,0.01850000,271.00000000,0.01911
1749260797,0.01849000,274.00000000,0.01911
1749260797,0.01848000,458.00000000,0.01911
1749260797,0.01842000,5428.00000000,0.01911
1749260797,0.01841000,736.00000000,0.01911
1749260797,0.01840000,352.00000000,0.01911
1749260797,0.01833000,274.00000000,0.01911
1749260797,0.01830000,5929.00000000,0.01911
1749260797,0.01829000,24724.00000000,0.01911
1749260797,0.01825000,3479.00000000,0.01911
1749260797,0.01824000,458.00000000,0.01911
1749260797,0.01820000,352.00000000,0.01911
1749260797,0.01815000,1550.00000000,0.01911
1749260797,0.01814000,1674.00000000,0.01911
1749260797,0.01813000,3312.00000000,0.01911
1749260797,0.01812000,331.00000000,0.01911
1749260797,0.01803000,9553.00000000,0.01911
1749260797,0.01800000,2644.00000000,0.01911
1749260797,0.01790000,300.00000000,0.01911
1749260797,0.01782000,5050.00000000,0.01911
1749260797,0.01780000,8031.00000000,0.01911
1749260797,0.01773000,2090.00000000,0.01911
1749260797,0.01760000,352.00000000,0.01911
1749260797,0.01758000,5551.00000000,0.01911
1749260797,0.01757000,3415.00000000,0.01911
1749260797,0.01750000,6000.00000000,0.01911
1749260797,0.01747000,572.00000000,0.01911
1749260797,0.01745000,1464.00000000,0.01911
1749260797,0.01740000,714.00000000,0.01911
1749260797,0.01739000,28331.00000000,0.01911
1749260797,0.01737000,30980.00000000,0.01911
1749260797,0.01733000,5500.00000000,0.01911
1749260797,0.01730000,6240.00000000,0.01911
1749260797,0.01720000,1624.00000000,0.01911
1749260797,0.01716000,877.00000000,0.01911
1749260797,0.01700000,7737.00000000,0.01911
1749260797,0.01699000,3441.00000000,0.01911
1749260797,0.01698000,5300.00000000,0.01911
1749260797,0.01688000,5924.00000000,0.01911
1749260797,0.01681000,1000.00000000,0.01911
1749260797,0.01680000,6304.00000000,0.01911
1749260797,0.01660000,352.00000000,0.01911
1749260797,0.01658000,120024.00000000,0.01911
1749260797,0.01640000,352.00000000,0.01911
1749260797,0.01632000,3063.00000000,0.01911
1749260797,0.01622000,39480.00000000,0.01911
1749260797,0.01620000,352.00000000,0.01911
1749260797,0.01616000,1857.00000000,0.01911
1749260797,0.01615000,42662.00000000,0.01911
1749260797,0.01611000,2450.00000000,0.01911
1749260797,0.01600000,7914.00000000,0.01911
1749260797,0.01580000,352.00000000,0.01911
1749260797,0.01578000,63000.00000000,0.01911
1749261117,0.01911000,31253.00000000,0.01912
1749261117,0.01910000,299972.00000000,0.01912
1749261117,0.01909000,568236.00000000,0.01912
1749261117,0.01908000,646681.00000000,0.01912
1749261117,0.01907000,110359.00000000,0.01912
1749261117,0.01906000,63725.00000000,0.01912
1749261117,0.01905000,74133.00000000,0.01912
1749261117,0.01904000,62014.00000000,0.01912
1749261117,0.01903000,83350.00000000,0.01912
1749261117,0.01902000,33118.00000000,0.01912
1749261117,0.01901000,33277.00000000,0.01912
1749261117,0.01900000,68988.00000000,0.01912
1749261117,0.01899000,8033.00000000,0.01912
1749261117,0.01898000,30148.00000000,0.01912
1749261117,0.01897000,22725.00000000,0.01912
1749261117,0.01896000,450082.00000000,0.01912
1749261117,0.01895000,555469.00000000,0.01912
1749261117,0.01894000,15819.00000000,0.01912
1749261117,0.01892000,37046.00000000,0.01912
1749261117,0.01891000,1151636.00000000,0.01912
1749261117,0.01890000,503.00000000,0.01912
1749261117,0.01889000,1074875.00000000,0.01912
1749261117,0.01888000,138999.00000000,0.01912
1749261117,0.01887000,1132609.00000000,0.01912
1749261117,0.01886000,39506.00000000,0.01912
1749261117,0.01885000,1076844.00000000,0.01912
1749261117,0.01884000,15819.00000000,0.01912
1749261117,0.01883000,1102758.00000000,0.01912
1749261117,0.01882000,28622.00000000,0.01912
1749261117,0.01881000,1047816.00000000,0.01912
1749261117,0.01880000,39245.00000000,0.01912
1749261117,0.01879000,1266445.00000000,0.01912
1749261117,0.01877000,1106411.00000000,0.01912
1749261117,0.01876000,453.00000000,0.01912
1749261117,0.01875000,1114017.00000000,0.01912
1749261117,0.01873000,1278032.00000000,0.01912
1749261117,0.01872000,458.00000000,0.01912
1749261117,0.01869000,1071.00000000,0.01912
1749261117,0.01866000,274.00000000,0.01912
1749261117,0.01865000,187585.00000000,0.01912
1749261117,0.01864000,456.00000000,0.01912
1749261117,0.01860000,352.00000000,0.01912
1749261117,0.01858000,274.00000000,0.01912
1749261117,0.01855000,4649.00000000,0.01912
1749261117,0.01852000,459.00000000,0.01912
1749261117,0.01850000,271.00000000,0.01912
1749261117,0.01849000,274.00000000,0.01912
1749261117,0.01848000,458.00000000,0.01912
1749261117,0.01842000,5428.00000000,0.01912
1749261117,0.01841000,736.00000000,0.01912
1749261117,0.01840000,352.00000000,0.01912
1749261117,0.01833000,274.00000000,0.01912
1749261117,0.01830000,5929.00000000,0.01912
1749261117,0.01829000,24724.00000000,0.01912
1749261117,0.01825000,3479.00000000,0.01912
1749261117,0.01824000,458.00000000,0.01912
1749261117,0.01820000,352.00000000,0.01912
1749261117,0.01815000,1550.00000000,0.01912
1749261117,0.01814000,1674.00000000,0.01912
1749261117,0.01813000,3312.00000000,0.01912
1749261117,0.01812000,331.00000000,0.01912
1749261117,0.01803000,9553.00000000,0.01912
1749261117,0.01800000,2644.00000000,0.01912
1749261117,0.01790000,300.00000000,0.01912
1749261117,0.01782000,5050.00000000,0.01912
1749261117,0.01780000,8031.00000000,0.01912
1749261117,0.01773000,2090.00000000,0.01912
1749261117,0.01760000,352.00000000,0.01912
1749261117,0.01758000,5551.00000000,0.01912
1749261117,0.01757000,3415.00000000,0.01912
1749261117,0.01750000,6000.00000000,0.01912
1749261117,0.01747000,572.00000000,0.01912
1749261117,0.01745000,1464.00000000,0.01912
1749261117,0.01740000,714.00000000,0.01912
1749261117,0.01739000,28331.00000000,0.01912
1749261117,0.01737000,30980.00000000,0.01912
1749261117,0.01733000,5500.00000000,0.01912
1749261117,0.01730000,6240.00000000,0.01912
1749261117,0.01720000,1624.00000000,0.01912
1749261117,0.01716000,877.00000000,0.01912
1749261117,0.01700000,7737.00000000,0.01912
1749261117,0.01699000,3441.00000000,0.01912
1749261117,0.01698000,5300.00000000,0.01912
1749261117,0.01688000,5924.00000000,0.01912
1749261117,0.01681000,1000.00000000,0.01912
1749261117,0.01680000,6304.00000000,0.01912
1749261117,0.01660000,352.00000000,0.01912
1749261117,0.01658000,120024.00000000,0.01912
1749261117,0.01640000,352.00000000,0.01912
1749261117,0.01632000,3063.00000000,0.01912
1749261117,0.01622000,39480.00000000,0.01912
1749261117,0.01620000,352.00000000,0.01912
1749261117,0.01616000,1857.00000000,0.01912
1749261117,0.01615000,42662.00000000,0.01912
1749261117,0.01611000,2450.00000000,0.01912
1749261117,0.01600000,7914.00000000,0.01912
1749261117,0.01580000,352.00000000,0.01912
1749261117,0.01578000,63000.00000000,0.01912
1749261117,0.01570000,362.00000000,0.01912
1749261117,0.01560000,352.00000000,0.01912
1749261435,0.01910000,205382.00000000,0.01911
1749261435,0.01909000,412405.00000000,0.01911
1749261435,0.01908000,596984.00000000,0.01911
1749261435,0.01907000,225239.00000000,0.01911
1749261435,0.01906000,94389.00000000,0.01911
1749261435,0.01905000,76789.00000000,0.01911
1749261435,0.01904000,42458.00000000,0.01911
1749261435,0.01903000,42033.00000000,0.01911
1749261435,0.01902000,25533.00000000,0.01911
1749261435,0.01901000,79697.00000000,0.01911
1749261435,0.01900000,68988.00000000,0.01911
1749261435,0.01899000,448.00000000,0.01911
1749261435,0.01898000,22540.00000000,0.01911
1749261435,0.01897000,22725.00000000,0.01911
1749261435,0.01896000,450082.00000000,0.01911
1749261435,0.01895000,565997.00000000,0.01911
1749261435,0.01894000,42049.00000000,0.01911
1749261435,0.01892000,274.00000000,0.01911
1749261435,0.01891000,1151636.00000000,0.01911
1749261435,0.01890000,503.00000000,0.01911
1749261435,0.01889000,1074875.00000000,0.01911
1749261435,0.01888000,138999.00000000,0.01911
1749261435,0.01887000,1132609.00000000,0.01911
1749261435,0.01886000,39506.00000000,0.01911
1749261435,0.01885000,1076844.00000000,0.01911
1749261435,0.01884000,15819.00000000,0.01911
1749261435,0.01883000,1102758.00000000,0.01911
1749261435,0.01882000,28622.00000000,0.01911
1749261435,0.01881000,1040976.00000000,0.01911
1749261435,0.01880000,39245.00000000,0.01911
1749261435,0.01879000,1266445.00000000,0.01911
1749261435,0.01877000,12837.00000000,0.01911
1749261435,0.01876000,453.00000000,0.01911
1749261435,0.01875000,274.00000000,0.01911
1749261435,0.01873000,150502.00000000,0.01911
1749261435,0.01872000,1194662.00000000,0.01911
1749261435,0.01869000,1071.00000000,0.01911
1749261435,0.01866000,274.00000000,0.01911
1749261435,0.01865000,187585.00000000,0.01911
1749261435,0.01864000,456.00000000,0.01911
1749261435,0.01860000,27678.00000000,0.01911
1749261435,0.01858000,274.00000000,0.01911
1749261435,0.01855000,4649.00000000,0.01911
1749261435,0.01852000,459.00000000,0.01911
1749261435,0.01850000,271.00000000,0.01911
1749261435,0.01849000,274.00000000,0.01911
1749261435,0.01848000,458.00000000,0.01911
1749261435,0.01842000,5428.00000000,0.01911
1749261435,0.01841000,736.00000000,0.01911
1749261435,0.01840000,352.00000000,0.01911
1749261435,0.01833000,274.00000000,0.01911
1749261435,0.01830000,5929.00000000,0.01911
1749261435,0.01829000,24724.00000000,0.01911
1749261435,0.01825000,3479.00000000,0.01911
1749261435,0.01824000,458.00000000,0.01911
1749261435,0.01820000,352.00000000,0.01911
1749261435,0.01815000,1550.00000000,0.01911
1749261435,0.01814000,1674.00000000,0.01911
1749261435,0.01813000,3312.00000000,0.01911
1749261435,0.01812000,331.00000000,0.01911
1749261435,0.01803000,9553.00000000,0.01911
1749261435,0.01800000,2644.00000000,0.01911
1749261435,0.01790000,300.00000000,0.01911
1749261435,0.01782000,5050.00000000,0.01911
1749261435,0.01780000,8031.00000000,0.01911
1749261435,0.01773000,2090.00000000,0.01911
1749261435,0.01760000,352.00000000,0.01911
1749261435,0.01758000,5551.00000000,0.01911
1749261435,0.01757000,3415.00000000,0.01911
1749261435,0.01750000,6000.00000000,0.01911
1749261435,0.01747000,572.00000000,0.01911
1749261435,0.01745000,1464.00000000,0.01911
1749261435,0.01740000,714.00000000,0.01911
1749261435,0.01739000,28331.00000000,0.01911
1749261435,0.01737000,30980.00000000,0.01911
1749261435,0.01733000,5500.00000000,0.01911
1749261435,0.01730000,6240.00000000,0.01911
1749261435,0.01720000,352.00000000,0.01911
1749261435,0.01719000,1272.00000000,0.01911
1749261435,0.01716000,877.00000000,0.01911
1749261435,0.01700000,7737.00000000,0.01911
1749261435,0.01699000,3441.00000000,0.01911
1749261435,0.01698000,5300.00000000,0.01911
1749261435,0.01688000,5924.00000000,0.01911
1749261435,0.01681000,1000.00000000,0.01911
1749261435,0.01680000,6304.00000000,0.01911
1749261435,0.01660000,352.00000000,0.01911
1749261435,0.01658000,120024.00000000,0.01911
1749261435,0.01640000,352.00000000,0.01911
1749261435,0.01632000,3063.00000000,0.01911
1749261435,0.01622000,39480.00000000,0.01911
1749261435,0.01620000,352.00000000,0.01911
1749261435,0.01616000,1857.00000000,0.01911
1749261435,0.01615000,42662.00000000,0.01911
1749261435,0.01611000,2450.00000000,0.01911
1749261435,0.01600000,7914.00000000,0.01911
1749261435,0.01580000,352.00000000,0.01911
1749261435,0.01578000,63000.00000000,0.01911
1749261435,0.01570000,362.00000000,0.01911
1749261435,0.01560000,352.00000000,0.01911
1749261746,0.01909000,65951.00000000,0.01909
1749261746,0.01908000,616951.00000000,0.01909
1749261746,0.01907000,572830.00000000,0.01909
1749261746,0.01906000,173116.00000000,0.01909
1749261746,0.01905000,60090.00000000,0.01909
1749261746,0.01904000,50047.00000000,0.01909
1749261746,0.01903000,99797.00000000,0.01909
1749261746,0.01902000,33122.00000000,0.01909
1749261746,0.01901000,87286.00000000,0.01909
1749261746,0.01900000,68988.00000000,0.01909
1749261746,0.01899000,8037.00000000,0.01909
1749261746,0.01898000,7589.00000000,0.01909
1749261746,0.01897000,45936.00000000,0.01909
1749261746,0.01895000,487556.00000000,0.01909
1749261746,0.01894000,643138.00000000,0.01909
1749261746,0.01893000,6911.00000000,0.01909
1749261746,0.01892000,274.00000000,0.01909
1749261746,0.01891000,15819.00000000,0.01909
1749261746,0.01890000,503.00000000,0.01909
1749261746,0.01889000,17129.00000000,0.01909
1749261746,0.01888000,1264150.00000000,0.01909
1749261746,0.01887000,69834.00000000,0.01909
1749261746,0.01886000,1134332.00000000,0.01909
1749261746,0.01885000,504.00000000,0.01909
1749261746,0.01884000,1156049.00000000,0.01909
1749261746,0.01883000,274.00000000,0.01909
1749261746,0.01882000,1222443.00000000,0.01909
1749261746,0.01880000,1080904.00000000,0.01909
1749261746,0.01879000,213106.00000000,0.01909
1749261746,0.01878000,1274683.00000000,0.01909
1749261746,0.01877000,12837.00000000,0.01909
1749261746,0.01876000,1081045.00000000,0.01909
1749261746,0.01875000,27591.00000000,0.01909
1749261746,0.01874000,1108025.00000000,0.01909
1749261746,0.01873000,150502.00000000,0.01909
1749261746,0.01872000,1194662.00000000,0.01909
1749261746,0.01869000,1157371.00000000,0.01909
1749261746,0.01866000,274.00000000,0.01909
1749261746,0.01865000,187585.00000000,0.01909
1749261746,0.01864000,456.00000000,0.01909
1749261746,0.01860000,352.00000000,0.01909
1749261746,0.01858000,274.00000000,0.01909
1749261746,0.01855000,4649.00000000,0.01909
1749261746,0.01852000,459.00000000,0.01909
1749261746,0.01850000,271.00000000,0.01909
1749261746,0.01849000,274.00000000,0.01909
1749261746,0.01848000,458.00000000,0.01909
1749261746,0.01842000,5428.00000000,0.01909
1749261746,0.01841000,736.00000000,0.01909
1749261746,0.01840000,352.00000000,0.01909
1749261746,0.01833000,274.00000000,0.01909
1749261746,0.01830000,5929.00000000,0.01909
1749261746,0.01829000,24724.00000000,0.01909
1749261746,0.01825000,3479.00000000,0.01909
1749261746,0.01824000,458.00000000,0.01909
1749261746,0.01820000,352.00000000,0.01909
1749261746,0.01815000,1550.00000000,0.01909
1749261746,0.01814000,1674.00000000,0.01909
1749261746,0.01813000,3312.00000000,0.01909
1749261746,0.01812000,331.00000000,0.01909
1749261746,0.01803000,9553.00000000,0.01909
1749261746,0.01800000,2644.00000000,0.01909
1749261746,0.01790000,300.00000000,0.01909
1749261746,0.01782000,5050.00000000,0.01909
1749261746,0.01780000,8031.00000000,0.01909
1749261746,0.01773000,2090.00000000,0.01909
1749261746,0.01760000,352.00000000,0.01909
1749261746,0.01758000,5551.00000000,0.01909
1749261746,0.01757000,3415.00000000,0.01909
1749261746,0.01750000,6000.00000000,0.01909
1749261746,0.01747000,572.00000000,0.01909
1749261746,0.01745000,1464.00000000,0.01909
1749261746,0.01740000,714.00000000,0.01909
1749261746,0.01739000,28331.00000000,0.01909
1749261746,0.01737000,30980.00000000,0.01909
1749261746,0.01733000,5500.00000000,0.01909
1749261746,0.01730000,6240.00000000,0.01909
1749261746,0.01720000,352.00000000,0.01909
1749261746,0.01718000,1272.00000000,0.01909
1749261746,0.01716000,877.00000000,0.01909
1749261746,0.01700000,7737.00000000,0.01909
1749261746,0.01699000,3441.00000000,0.01909
1749261746,0.01698000,5300.00000000,0.01909
1749261746,0.01688000,5924.00000000,0.01909
1749261746,0.01681000,1000.00000000,0.01909
1749261746,0.01680000,6304.00000000,0.01909
1749261746,0.01660000,352.00000000,0.01909
1749261746,0.01658000,120024.00000000,0.01909
1749261746,0.01640000,352.00000000,0.01909
1749261746,0.01632000,3063.00000000,0.01909
1749261746,0.01622000,39480.00000000,0.01909
1749261746,0.01620000,352.00000000,0.01909
1749261746,0.01616000,1857.00000000,0.01909
1749261746,0.01615000,42662.00000000,0.01909
1749261746,0.01611000,2450.00000000,0.01909
1749261746,0.01600000,7914.00000000,0.01909
1749261746,0.01580000,352.00000000,0.01909
1749261746,0.01578000,63000.00000000,0.01909
1749261746,0.01570000,362.00000000,0.01909
1749261746,0.01560000,352.00000000,0.01909
1749262054,0.01908000,13020.00000000,0.01908
1749262054,0.01907000,394027.00000000,0.01908
1749262054,0.01906000,494439.00000000,0.01908
1749262054,0.01905000,460458.00000000,0.01908
1749262054,0.01904000,68420.00000000,0.01908
1749262054,0.01903000,52361.00000000,0.01908
1749262054,0.01902000,56215.00000000,0.01908
1749262054,0.01901000,38439.00000000,0.01908
1749262054,0.01900000,28504.00000000,0.01908
1749262054,0.01899000,53485.00000000,0.01908
1749262054,0.01898000,23621.00000000,0.01908
1749262054,0.01897000,38347.00000000,0.01908
1749262054,0.01895000,53036.00000000,0.01908
1749262054,0.01894000,42049.00000000,0.01908
1749262054,0.01893000,450795.00000000,0.01908
1749262054,0.01892000,53074.00000000,0.01908
1749262054,0.01891000,15819.00000000,0.01908
1749262054,0.01890000,37335.00000000,0.01908
1749262054,0.01889000,21424.00000000,0.01908
1749262054,0.01888000,1264150.00000000,0.01908
1749262054,0.01887000,69834.00000000,0.01908
1749262054,0.01886000,1134332.00000000,0.01908
1749262054,0.01885000,504.00000000,0.01908
1749262054,0.01884000,1156049.00000000,0.01908
1749262054,0.01883000,274.00000000,0.01908
1749262054,0.01882000,1222443.00000000,0.01908
1749262054,0.01880000,1057830.00000000,0.01908
1749262054,0.01879000,213106.00000000,0.01908
1749262054,0.01878000,1281535.00000000,0.01908
1749262054,0.01877000,12837.00000000,0.01908
1749262054,0.01876000,1081045.00000000,0.01908
1749262054,0.01875000,23409.00000000,0.01908
1749262054,0.01874000,1101159.00000000,0.01908
1749262054,0.01873000,177870.00000000,0.01908
1749262054,0.01872000,1194662.00000000,0.01908
1749262054,0.01869000,1226489.00000000,0.01908
1749262054,0.01866000,274.00000000,0.01908
1749262054,0.01865000,187585.00000000,0.01908
1749262054,0.01864000,456.00000000,0.01908
1749262054,0.01860000,352.00000000,0.01908
1749262054,0.01858000,274.00000000,0.01908
1749262054,0.01855000,4649.00000000,0.01908
1749262054,0.01852000,459.00000000,0.01908
1749262054,0.01850000,271.00000000,0.01908
1749262054,0.01849000,274.00000000,0.01908
1749262054,0.01848000,458.00000000,0.01908
1749262054,0.01842000,5428.00000000,0.01908
1749262054,0.01841000,736.00000000,0.01908
1749262054,0.01840000,352.00000000,0.01908
1749262054,0.01833000,274.00000000,0.01908
1749262054,0.01830000,5929.00000000,0.01908
1749262054,0.01829000,24724.00000000,0.01908
1749262054,0.01825000,3479.00000000,0.01908
1749262054,0.01824000,458.00000000,0.01908
1749262054,0.01820000,352.00000000,0.01908
1749262054,0.01815000,1550.00000000,0.01908
1749262054,0.01814000,1674.00000000,0.01908
1749262054,0.01813000,3312.00000000,0.01908
1749262054,0.01812000,331.00000000,0.01908
1749262054,0.01803000,9553.00000000,0.01908
1749262054,0.01800000,2644.00000000,0.01908
1749262054,0.01790000,300.00000000,0.01908
1749262054,0.01782000,5050.00000000,0.01908
1749262054,0.01780000,8031.00000000,0.01908
1749262054,0.01773000,2090.00000000,0.01908
1749262054,0.01760000,352.00000000,0.01908
1749262054,0.01758000,5551.00000000,0.01908
1749262054,0.01757000,3415.00000000,0.01908
1749262054,0.01750000,6000.00000000,0.01908
1749262054,0.01747000,572.00000000,0.01908
1749262054,0.01745000,1464.00000000,0.01908
1749262054,0.01740000,714.00000000,0.01908
1749262054,0.01739000,28331.00000000,0.01908
1749262054,0.01737000,30980.00000000,0.01908
1749262054,0.01733000,5500.00000000,0.01908
1749262054,0.01730000,6240.00000000,0.01908
1749262054,0.01720000,352.00000000,0.01908
1749262054,0.01718000,1272.00000000,0.01908
1749262054,0.01716000,877.00000000,0.01908
1749262054,0.01700000,7737.00000000,0.01908
1749262054,0.01699000,3441.00000000,0.01908
1749262054,0.01698000,5300.00000000,0.01908
1749262054,0.01688000,5924.00000000,0.01908
1749262054,0.01681000,1000.00000000,0.01908
1749262054,0.01680000,6304.00000000,0.01908
1749262054,0.01660000,352.00000000,0.01908
1749262054,0.01658000,120024.00000000,0.01908
1749262054,0.01640000,352.00000000,0.01908
1749262054,0.01632000,3063.00000000,0.01908
1749262054,0.01622000,39480.00000000,0.01908
1749262054,0.01620000,352.00000000,0.01908
1749262054,0.01616000,1857.00000000,0.01908
1749262054,0.01615000,42662.00000000,0.01908
1749262054,0.01611000,2450.00000000,0.01908
1749262054,0.01600000,7914.00000000,0.01908
1749262054,0.01580000,352.00000000,0.01908
1749262054,0.01578000,63000.00000000,0.01908
1749262054,0.01570000,362.00000000,0.01908
1749262054,0.01560000,352.00000000,0.01908
1749262054,0.01540000,352.00000000,0.01908
1749262360,0.01908000,182740.00000000,0.01908
1749262360,0.01907000,605606.00000000,0.01908
1749262360,0.01906000,301909.00000000,0.01908
1749262360,0.01905000,215111.00000000,0.01908
1749262360,0.01904000,100584.00000000,0.01908
1749262360,0.01903000,110133.00000000,0.01908
1749262360,0.01902000,25787.00000000,0.01908
1749262360,0.01901000,33605.00000000,0.01908
1749262360,0.01900000,24190.00000000,0.01908
1749262360,0.01899000,53485.00000000,0.01908
1749262360,0.01898000,31218.00000000,0.01908
1749262360,0.01897000,38347.00000000,0.01908
1749262360,0.01896000,7597.00000000,0.01908
1749262360,0.01895000,53036.00000000,0.01908
1749262360,0.01894000,42049.00000000,0.01908
1749262360,0.01892000,451307.00000000,0.01908
1749262360,0.01891000,15819.00000000,0.01908
1749262360,0.01890000,37335.00000000,0.01908
1749262360,0.01889000,21424.00000000,0.01908
1749262360,0.01888000,1264150.00000000,0.01908
1749262360,0.01887000,69834.00000000,0.01908
1749262360,0.01886000,1134332.00000000,0.01908
1749262360,0.01885000,504.00000000,0.01908
1749262360,0.01884000,1156049.00000000,0.01908
1749262360,0.01883000,274.00000000,0.01908
1749262360,0.01882000,1222443.00000000,0.01908
1749262360,0.01880000,1057830.00000000,0.01908
1749262360,0.01879000,213106.00000000,0.01908
1749262360,0.01878000,1281535.00000000,0.01908
1749262360,0.01877000,12837.00000000,0.01908
1749262360,0.01876000,1081045.00000000,0.01908
1749262360,0.01875000,23409.00000000,0.01908
1749262360,0.01874000,1101159.00000000,0.01908
1749262360,0.01873000,150502.00000000,0.01908
1749262360,0.01872000,1194662.00000000,0.01908
1749262360,0.01869000,1202580.00000000,0.01908
1749262360,0.01866000,274.00000000,0.01908
1749262360,0.01865000,187585.00000000,0.01908
1749262360,0.01864000,456.00000000,0.01908
1749262360,0.01863000,27364.00000000,0.01908
1749262360,0.01860000,352.00000000,0.01908
1749262360,0.01858000,274.00000000,0.01908
1749262360,0.01855000,4649.00000000,0.01908
1749262360,0.01852000,459.00000000,0.01908
1749262360,0.01850000,271.00000000,0.01908
1749262360,0.01849000,274.00000000,0.01908
1749262360,0.01848000,458.00000000,0.01908
1749262360,0.01842000,5428.00000000,0.01908
1749262360,0.01841000,736.00000000,0.01908
1749262360,0.01840000,352.00000000,0.01908
1749262360,0.01833000,274.00000000,0.01908
1749262360,0.01830000,5929.00000000,0.01908
1749262360,0.01829000,24724.00000000,0.01908
1749262360,0.01825000,3479.00000000,0.01908
1749262360,0.01824000,458.00000000,0.01908
1749262360,0.01820000,352.00000000,0.01908
1749262360,0.01815000,1550.00000000,0.01908
1749262360,0.01814000,1674.00000000,0.01908
1749262360,0.01813000,3312.00000000,0.01908
1749262360,0.01812000,331.00000000,0.01908
1749262360,0.01803000,9553.00000000,0.01908
1749262360,0.01800000,2644.00000000,0.01908
1749262360,0.01790000,300.00000000,0.01908
1749262360,0.01782000,5050.00000000,0.01908
1749262360,0.01780000,8031.00000000,0.01908
1749262360,0.01773000,2090.00000000,0.01908
1749262360,0.01760000,352.00000000,0.01908
1749262360,0.01758000,5551.00000000,0.01908
1749262360,0.01757000,3415.00000000,0.01908
1749262360,0.01750000,6000.00000000,0.01908
1749262360,0.01747000,572.00000000,0.01908
1749262360,0.01745000,1464.00000000,0.01908
1749262360,0.01740000,714.00000000,0.01908
1749262360,0.01739000,28331.00000000,0.01908
1749262360,0.01737000,30980.00000000,0.01908
1749262360,0.01733000,5500.00000000,0.01908
1749262360,0.01730000,6240.00000000,0.01908
1749262360,0.01720000,352.00000000,0.01908
1749262360,0.01717000,1272.00000000,0.01908
1749262360,0.01716000,877.00000000,0.01908
1749262360,0.01700000,7737.00000000,0.01908
1749262360,0.01699000,3441.00000000,0.01908
1749262360,0.01698000,5300.00000000,0.01908
1749262360,0.01688000,5924.00000000,0.01908
1749262360,0.01681000,1000.00000000,0.01908
1749262360,0.01680000,6304.00000000,0.01908
1749262360,0.01660000,352.00000000,0.01908
1749262360,0.01658000,120024.00000000,0.01908
1749262360,0.01640000,352.00000000,0.01908
1749262360,0.01632000,3063.00000000,0.01908
1749262360,0.01622000,39480.00000000,0.01908
1749262360,0.01620000,352.00000000,0.01908
1749262360,0.01616000,1857.00000000,0.01908
1749262360,0.01615000,42662.00000000,0.01908
1749262360,0.01611000,2450.00000000,0.01908
1749262360,0.01600000,7914.00000000,0.01908
1749262360,0.01580000,352.00000000,0.01908
1749262360,0.01578000,63000.00000000,0.01908
1749262360,0.01570000,362.00000000,0.01908
1749262360,0.01560000,352.00000000,0.01908
1749262662,0.01908000,9045.00000000,0.01909
1749262662,0.01907000,375537.00000000,0.01909
1749262662,0.01906000,458951.00000000,0.01909
1749262662,0.01905000,403800.00000000,0.01909
1749262662,0.01904000,119065.00000000,0.01909
1749262662,0.01903000,52361.00000000,0.01909
1749262662,0.01902000,25787.00000000,0.01909
1749262662,0.01901000,57189.00000000,0.01909
1749262662,0.01900000,76585.00000000,0.01909
1749262662,0.01899000,53485.00000000,0.01909
1749262662,0.01898000,7597.00000000,0.01909
1749262662,0.01897000,15819.00000000,0.01909
1749262662,0.01895000,23042.00000000,0.01909
1749262662,0.01894000,44249.00000000,0.01909
1749262662,0.01893000,503695.00000000,0.01909
1749262662,0.01892000,4569.00000000,0.01909
1749262662,0.01891000,533576.00000000,0.01909
1749262662,0.01890000,37335.00000000,0.01909
1749262662,0.01889000,17129.00000000,0.01909
1749262662,0.01888000,1264150.00000000,0.01909
1749262662,0.01887000,69834.00000000,0.01909
1749262662,0.01886000,1147108.00000000,0.01909
1749262662,0.01885000,504.00000000,0.01909
1749262662,0.01884000,1156049.00000000,0.01909
1749262662,0.01883000,274.00000000,0.01909
1749262662,0.01882000,1236976.00000000,0.01909
1749262662,0.01880000,1080904.00000000,0.01909
1749262662,0.01879000,213106.00000000,0.01909
1749262662,0.01878000,1281535.00000000,0.01909
1749262662,0.01877000,12837.00000000,0.01909
1749262662,0.01876000,1081045.00000000,0.01909
1749262662,0.01875000,274.00000000,0.01909
1749262662,0.01874000,1101159.00000000,0.01909
1749262662,0.01873000,150502.00000000,0.01909
1749262662,0.01872000,1194662.00000000,0.01909
1749262662,0.01869000,1149314.00000000,0.01909
1749262662,0.01866000,274.00000000,0.01909
1749262662,0.01865000,187585.00000000,0.01909
1749262662,0.01864000,456.00000000,0.01909
1749262662,0.01860000,352.00000000,0.01909
1749262662,0.01858000,274.00000000,0.01909
1749262662,0.01852000,459.00000000,0.01909
1749262662,0.01850000,271.00000000,0.01909
1749262662,0.01849000,274.00000000,0.01909
1749262662,0.01848000,458.00000000,0.01909
1749262662,0.01842000,5428.00000000,0.01909
1749262662,0.01841000,736.00000000,0.01909
1749262662,0.01840000,352.00000000,0.01909
1749262662,0.01833000,274.00000000,0.01909
1749262662,0.01830000,5929.00000000,0.01909
1749262662,0.01829000,24724.00000000,0.01909
1749262662,0.01825000,3479.00000000,0.01909
1749262662,0.01824000,458.00000000,0.01909
1749262662,0.01820000,352.00000000,0.01909
1749262662,0.01815000,1550.00000000,0.01909
1749262662,0.01814000,1674.00000000,0.01909
1749262662,0.01813000,3312.00000000,0.01909
1749262662,0.01812000,331.00000000,0.01909
1749262662,0.01800000,2644.00000000,0.01909
1749262662,0.01790000,300.00000000,0.01909
1749262662,0.01782000,5050.00000000,0.01909
1749262662,0.01780000,8031.00000000,0.01909
1749262662,0.01773000,2090.00000000,0.01909
1749262662,0.01760000,352.00000000,0.01909
1749262662,0.01758000,5551.00000000,0.01909
1749262662,0.01757000,3415.00000000,0.01909
1749262662,0.01750000,6000.00000000,0.01909
1749262662,0.01747000,572.00000000,0.01909
1749262662,0.01745000,1464.00000000,0.01909
1749262662,0.01740000,714.00000000,0.01909
1749262662,0.01739000,28331.00000000,0.01909
1749262662,0.01737000,30980.00000000,0.01909
1749262662,0.01733000,5500.00000000,0.01909
1749262662,0.01730000,6240.00000000,0.01909
1749262662,0.01720000,352.00000000,0.01909
1749262662,0.01717000,1272.00000000,0.01909
1749262662,0.01716000,877.00000000,0.01909
1749262662,0.01700000,7737.00000000,0.01909
1749262662,0.01699000,3441.00000000,0.01909
1749262662,0.01698000,5300.00000000,0.01909
1749262662,0.01688000,5924.00000000,0.01909
1749262662,0.01681000,1000.00000000,0.01909
1749262662,0.01680000,6304.00000000,0.01909
1749262662,0.01660000,352.00000000,0.01909
1749262662,0.01658000,120024.00000000,0.01909
1749262662,0.01640000,352.00000000,0.01909
1749262662,0.01632000,3063.00000000,0.01909
1749262662,0.01622000,39480.00000000,0.01909
1749262662,0.01620000,352.00000000,0.01909
1749262662,0.01616000,1857.00000000,0.01909
1749262662,0.01615000,42662.00000000,0.01909
1749262662,0.01611000,2450.00000000,0.01909
1749262662,0.01600000,7914.00000000,0.01909
1749262662,0.01580000,352.00000000,0.01909
1749262662,0.01578000,63000.00000000,0.01909
1749262662,0.01570000,362.00000000,0.01909
1749262662,0.01560000,352.00000000,0.01909
1749262662,0.01540000,352.00000000,0.01909
1749262662,0.01520000,352.00000000,0.01909
1749262662,0.01501000,115234.00000000,0.01909
1749262963,0.01908000,12299.00000000,0.01908
1749262963,0.01907000,248196.00000000,0.01908
1749262963,0.01906000,347460.00000000,0.01908
1749262963,0.01905000,375512.00000000,0.01908
1749262963,0.01904000,67268.00000000,0.01908
1749262963,0.01903000,100198.00000000,0.01908
1749262963,0.01902000,88153.00000000,0.01908
1749262963,0.01901000,57189.00000000,0.01908
1749262963,0.01900000,76585.00000000,0.01908
1749262963,0.01899000,53485.00000000,0.01908
1749262963,0.01898000,7597.00000000,0.01908
1749262963,0.01897000,15819.00000000,0.01908
1749262963,0.01896000,7597.00000000,0.01908
1749262963,0.01895000,30639.00000000,0.01908
1749262963,0.01894000,46658.00000000,0.01908
1749262963,0.01893000,450795.00000000,0.01908
1749262963,0.01892000,68069.00000000,0.01908
1749262963,0.01891000,533576.00000000,0.01908
1749262963,0.01890000,37335.00000000,0.01908
1749262963,0.01889000,17129.00000000,0.01908
1749262963,0.01888000,1264150.00000000,0.01908
1749262963,0.01887000,69834.00000000,0.01908
1749262963,0.01886000,1147108.00000000,0.01908
1749262963,0.01885000,504.00000000,0.01908
1749262963,0.01884000,1156049.00000000,0.01908
1749262963,0.01883000,274.00000000,0.01908
1749262963,0.01882000,1209640.00000000,0.01908
1749262963,0.01880000,1080904.00000000,0.01908
1749262963,0.01879000,213106.00000000,0.01908
1749262963,0.01878000,1281535.00000000,0.01908
1749262963,0.01877000,12837.00000000,0.01908
1749262963,0.01876000,1081045.00000000,0.01908
1749262963,0.01875000,274.00000000,0.01908
1749262963,0.01874000,1101159.00000000,0.01908
1749262963,0.01873000,150502.00000000,0.01908
1749262963,0.01872000,1194662.00000000,0.01908
1749262963,0.01869000,1176684.00000000,0.01908
1749262963,0.01866000,274.00000000,0.01908
1749262963,0.01865000,187585.00000000,0.01908
1749262963,0.01864000,456.00000000,0.01908
1749262963,0.01860000,352.00000000,0.01908
1749262963,0.01858000,274.00000000,0.01908
1749262963,0.01852000,459.00000000,0.01908
1749262963,0.01850000,271.00000000,0.01908
1749262963,0.01849000,274.00000000,0.01908
1749262963,0.01848000,458.00000000,0.01908
1749262963,0.01842000,5428.00000000,0.01908
1749262963,0.01841000,736.00000000,0.01908
1749262963,0.01840000,352.00000000,0.01908
1749262963,0.01833000,274.00000000,0.01908
1749262963,0.01830000,5929.00000000,0.01908
1749262963,0.01829000,24724.00000000,0.01908
1749262963,0.01825000,3479.00000000,0.01908
1749262963,0.01824000,458.00000000,0.01908
1749262963,0.01820000,352.00000000,0.01908
1749262963,0.01815000,1550.00000000,0.01908
1749262963,0.01814000,1674.00000000,0.01908
1749262963,0.01813000,3312.00000000,0.01908
1749262963,0.01812000,331.00000000,0.01908
1749262963,0.01800000,2644.00000000,0.01908
1749262963,0.01790000,300.00000000,0.01908
1749262963,0.01782000,5050.00000000,0.01908
1749262963,0.01780000,8031.00000000,0.01908
1749262963,0.01773000,2090.00000000,0.01908
1749262963,0.01760000,352.00000000,0.01908
1749262963,0.01758000,5551.00000000,0.01908
1749262963,0.01757000,3415.00000000,0.01908
1749262963,0.01750000,6000.00000000,0.01908
1749262963,0.01747000,572.00000000,0.01908
1749262963,0.01745000,1464.00000000,0.01908
1749262963,0.01740000,714.00000000,0.01908
1749262963,0.01739000,28331.00000000,0.01908
1749262963,0.01737000,30980.00000000,0.01908
1749262963,0.01733000,5500.00000000,0.01908
1749262963,0.01730000,6240.00000000,0.01908
1749262963,0.01720000,352.00000000,0.01908
1749262963,0.01717000,1272.00000000,0.01908
1749262963,0.01716000,877.00000000,0.01908
1749262963,0.01700000,7737.00000000,0.01908
1749262963,0.01699000,3441.00000000,0.01908
1749262963,0.01698000,5300.00000000,0.01908
1749262963,0.01688000,5924.00000000,0.01908
1749262963,0.01681000,1000.00000000,0.01908
1749262963,0.01680000,6304.00000000,0.01908
1749262963,0.01660000,352.00000000,0.01908
1749262963,0.01658000,120024.00000000,0.01908
1749262963,0.01640000,352.00000000,0.01908
1749262963,0.01632000,3063.00000000,0.01908
1749262963,0.01622000,39480.00000000,0.01908
1749262963,0.01620000,352.00000000,0.01908
1749262963,0.01616000,1857.00000000,0.01908
1749262963,0.01615000,42662.00000000,0.01908
1749262963,0.01611000,2450.00000000,0.01908
1749262963,0.01600000,7914.00000000,0.01908
1749262963,0.01580000,352.00000000,0.01908
1749262963,0.01578000,63000.00000000,0.01908
1749262963,0.01570000,362.00000000,0.01908
1749262963,0.01560000,352.00000000,0.01908
1749262963,0.01540000,352.00000000,0.01908
1749262963,0.01520000,352.00000000,0.01908
1749263271,0.01908000,13356.00000000,0.01908
1749263271,0.01907000,201667.00000000,0.01908
1749263271,0.01906000,113992.00000000,0.01908
1749263271,0.01905000,100325.00000000,0.01908
1749263271,0.01904000,98086.00000000,0.01908
1749263271,0.01903000,78229.00000000,0.01908
1749263271,0.01902000,54674.00000000,0.01908
1749263271,0.01901000,49592.00000000,0.01908
1749263271,0.01900000,69013.00000000,0.01908
1749263271,0.01899000,53485.00000000,0.01908
1749263271,0.01897000,15819.00000000,0.01908
1749263271,0.01895000,23042.00000000,0.01908
1749263271,0.01894000,42049.00000000,0.01908
1749263271,0.01893000,38755.00000000,0.01908
1749263271,0.01892000,530607.00000000,0.01908
1749263271,0.01891000,533576.00000000,0.01908
1749263271,0.01890000,37335.00000000,0.01908
1749263271,0.01889000,29641.00000000,0.01908
1749263271,0.01888000,1264150.00000000,0.01908
1749263271,0.01887000,69834.00000000,0.01908
1749263271,0.01886000,1147108.00000000,0.01908
1749263271,0.01885000,504.00000000,0.01908
1749263271,0.01884000,1156049.00000000,0.01908
1749263271,0.01883000,274.00000000,0.01908
1749263271,0.01882000,1209640.00000000,0.01908
1749263271,0.01880000,1080904.00000000,0.01908
1749263271,0.01879000,219954.00000000,0.01908
1749263271,0.01878000,1274683.00000000,0.01908
1749263271,0.01877000,12837.00000000,0.01908
1749263271,0.01876000,1081045.00000000,0.01908
1749263271,0.01875000,274.00000000,0.01908
1749263271,0.01874000,1101159.00000000,0.01908
1749263271,0.01873000,150502.00000000,0.01908
1749263271,0.01872000,458.00000000,0.01908
1749263271,0.01869000,1149314.00000000,0.01908
1749263271,0.01866000,1132507.00000000,0.01908
1749263271,0.01865000,187585.00000000,0.01908
1749263271,0.01864000,456.00000000,0.01908
1749263271,0.01860000,352.00000000,0.01908
1749263271,0.01858000,274.00000000,0.01908
1749263271,0.01852000,459.00000000,0.01908
1749263271,0.01850000,271.00000000,0.01908
1749263271,0.01849000,274.00000000,0.01908
1749263271,0.01848000,458.00000000,0.01908
1749263271,0.01842000,5428.00000000,0.01908
1749263271,0.01841000,736.00000000,0.01908
1749263271,0.01840000,352.00000000,0.01908
1749263271,0.01833000,274.00000000,0.01908
1749263271,0.01830000,5929.00000000,0.01908
1749263271,0.01829000,24724.00000000,0.01908
1749263271,0.01825000,3479.00000000,0.01908
1749263271,0.01824000,458.00000000,0.01908
1749263271,0.01820000,352.00000000,0.01908
1749263271,0.01815000,1550.00000000,0.01908
1749263271,0.01814000,1674.00000000,0.01908
1749263271,0.01813000,3312.00000000,0.01908
1749263271,0.01812000,331.00000000,0.01908
1749263271,0.01800000,2644.00000000,0.01908
1749263271,0.01790000,300.00000000,0.01908
1749263271,0.01782000,5050.00000000,0.01908
1749263271,0.01780000,8031.00000000,0.01908
1749263271,0.01773000,2090.00000000,0.01908
1749263271,0.01760000,352.00000000,0.01908
1749263271,0.01758000,5551.00000000,0.01908
1749263271,0.01757000,3415.00000000,0.01908
1749263271,0.01750000,6000.00000000,0.01908
1749263271,0.01747000,572.00000000,0.01908
1749263271,0.01745000,1464.00000000,0.01908
1749263271,0.01740000,714.00000000,0.01908
1749263271,0.01739000,28331.00000000,0.01908
1749263271,0.01737000,30980.00000000,0.01908
1749263271,0.01733000,5500.00000000,0.01908
1749263271,0.01730000,6240.00000000,0.01908
1749263271,0.01720000,352.00000000,0.01908
1749263271,0.01717000,1272.00000000,0.01908
1749263271,0.01716000,877.00000000,0.01908
1749263271,0.01700000,7737.00000000,0.01908
1749263271,0.01699000,3441.00000000,0.01908
1749263271,0.01698000,5300.00000000,0.01908
1749263271,0.01688000,5924.00000000,0.01908
1749263271,0.01681000,1000.00000000,0.01908
1749263271,0.01680000,6304.00000000,0.01908
1749263271,0.01660000,352.00000000,0.01908
1749263271,0.01658000,120024.00000000,0.01908
1749263271,0.01640000,352.00000000,0.01908
1749263271,0.01632000,3063.00000000,0.01908
1749263271,0.01622000,39480.00000000,0.01908
1749263271,0.01620000,352.00000000,0.01908
1749263271,0.01616000,1857.00000000,0.01908
1749263271,0.01615000,42662.00000000,0.01908
1749263271,0.01611000,2450.00000000,0.01908
1749263271,0.01600000,7914.00000000,0.01908
1749263271,0.01580000,352.00000000,0.01908
1749263271,0.01578000,63000.00000000,0.01908
1749263271,0.01570000,362.00000000,0.01908
1749263271,0.01560000,352.00000000,0.01908
1749263271,0.01540000,352.00000000,0.01908
1749263271,0.01520000,352.00000000,0.01908
1749263271,0.01501000,115234.00000000,0.01908
1749263271,0.01500000,15138.00000000,0.01908
1749263573,0.01907000,12150.00000000,0.01908
1749263573,0.01906000,232586.00000000,0.01908
1749263573,0.01905000,303003.00000000,0.01908
1749263573,0.01904000,327005.00000000,0.01908
1749263573,0.01903000,121060.00000000,0.01908
1749263573,0.01902000,88155.00000000,0.01908
1749263573,0.01901000,45197.00000000,0.01908
1749263573,0.01900000,95070.00000000,0.01908
1749263573,0.01899000,53485.00000000,0.01908
1749263573,0.01898000,19608.00000000,0.01908
1749263573,0.01897000,15819.00000000,0.01908
1749263573,0.01896000,7597.00000000,0.01908
1749263573,0.01895000,30639.00000000,0.01908
1749263573,0.01894000,53675.00000000,0.01908
1749263573,0.01892000,453716.00000000,0.01908
1749263573,0.01891000,533576.00000000,0.01908
1749263573,0.01890000,37335.00000000,0.01908
1749263573,0.01889000,29879.00000000,0.01908
1749263573,0.01888000,138999.00000000,0.01908
1749263573,0.01887000,69834.00000000,0.01908
1749263573,0.01886000,39506.00000000,0.01908
1749263573,0.01885000,504.00000000,0.01908
1749263573,0.01884000,15819.00000000,0.01908
1749263573,0.01883000,274.00000000,0.01908
1749263573,0.01882000,15819.00000000,0.01908
1749263573,0.01880000,39245.00000000,0.01908
1749263573,0.01879000,219954.00000000,0.01908
1749263573,0.01878000,12830.00000000,0.01908
1749263573,0.01876000,453.00000000,0.01908
1749263573,0.01875000,274.00000000,0.01908
1749263573,0.01873000,163366.00000000,0.01908
1749263573,0.01872000,458.00000000,0.01908
1749263573,0.01869000,1176666.00000000,0.01908
1749263573,0.01866000,1132507.00000000,0.01908
1749263573,0.01865000,187585.00000000,0.01908
1749263573,0.01864000,456.00000000,0.01908
1749263573,0.01863000,1188978.00000000,0.01908
1749263573,0.01860000,1182130.00000000,0.01908
1749263573,0.01858000,274.00000000,0.01908
1749263573,0.01857000,1244719.00000000,0.01908
1749263573,0.01854000,1129273.00000000,0.01908
1749263573,0.01852000,1266261.00000000,0.01908
1749263573,0.01850000,271.00000000,0.01908
1749263573,0.01849000,274.00000000,0.01908
1749263573,0.01848000,458.00000000,0.01908
1749263573,0.01842000,5428.00000000,0.01908
1749263573,0.01841000,736.00000000,0.01908
1749263573,0.01840000,352.00000000,0.01908
1749263573,0.01833000,274.00000000,0.01908
1749263573,0.01830000,5929.00000000,0.01908
1749263573,0.01829000,24724.00000000,0.01908
1749263573,0.01825000,3479.00000000,0.01908
1749263573,0.01824000,458.00000000,0.01908
1749263573,0.01820000,352.00000000,0.01908
1749263573,0.01815000,1550.00000000,0.01908
1749263573,0.01814000,1674.00000000,0.01908
1749263573,0.01813000,3312.00000000,0.01908
1749263573,0.01812000,331.00000000,0.01908
1749263573,0.01800000,2644.00000000,0.01908
1749263573,0.01790000,300.00000000,0.01908
1749263573,0.01782000,5050.00000000,0.01908
1749263573,0.01780000,8031.00000000,0.01908
1749263573,0.01773000,2090.00000000,0.01908
1749263573,0.01760000,352.00000000,0.01908
1749263573,0.01758000,5551.00000000,0.01908
1749263573,0.01757000,3415.00000000,0.01908
1749263573,0.01750000,6000.00000000,0.01908
1749263573,0.01747000,572.00000000,0.01908
1749263573,0.01745000,1464.00000000,0.01908
1749263573,0.01740000,714.00000000,0.01908
1749263573,0.01739000,28331.00000000,0.01908
1749263573,0.01737000,30980.00000000,0.01908
1749263573,0.01733000,5500.00000000,0.01908
1749263573,0.01730000,6240.00000000,0.01908
1749263573,0.01720000,352.00000000,0.01908
1749263573,0.01717000,1272.00000000,0.01908
1749263573,0.01716000,877.00000000,0.01908
1749263573,0.01700000,7737.00000000,0.01908
1749263573,0.01699000,3441.00000000,0.01908
1749263573,0.01698000,5300.00000000,0.01908
1749263573,0.01688000,5924.00000000,0.01908
1749263573,0.01681000,1000.00000000,0.01908
1749263573,0.01680000,6304.00000000,0.01908
1749263573,0.01660000,352.00000000,0.01908
1749263573,0.01658000,120024.00000000,0.01908
1749263573,0.01640000,352.00000000,0.01908
1749263573,0.01632000,3063.00000000,0.01908
1749263573,0.01622000,39480.00000000,0.01908
1749263573,0.01620000,352.00000000,0.01908
1749263573,0.01616000,1857.00000000,0.01908
1749263573,0.01615000,42662.00000000,0.01908
1749263573,0.01611000,2450.00000000,0.01908
1749263573,0.01600000,7914.00000000,0.01908
1749263573,0.01580000,352.00000000,0.01908
1749263573,0.01578000,63000.00000000,0.01908
1749263573,0.01570000,362.00000000,0.01908
1749263573,0.01560000,352.00000000,0.01908
1749263573,0.01540000,352.00000000,0.01908
1749263573,0.01520000,352.00000000,0.01908
1749263573,0.01501000,115234.00000000,0.01908
1749263874,0.01905000,22493.00000000,0.01906
1749263874,0.01904000,449467.00000000,0.01906
1749263874,0.01903000,604614.00000000,0.01906
1749263874,0.01902000,322353.00000000,0.01906
1749263874,0.01901000,114564.00000000,0.01906
1749263874,0.01900000,123983.00000000,0.01906
1749263874,0.01899000,26268.00000000,0.01906
1749263874,0.01898000,42086.00000000,0.01906
1749263874,0.01897000,71538.00000000,0.01906
1749263874,0.01895000,502.00000000,0.01906
1749263874,0.01894000,51360.00000000,0.01906
1749263874,0.01893000,22540.00000000,0.01906
1749263874,0.01892000,453716.00000000,0.01906
1749263874,0.01891000,15819.00000000,0.01906
1749263874,0.01890000,90235.00000000,0.01906
1749263874,0.01889000,26846.00000000,0.01906
1749263874,0.01888000,590646.00000000,0.01906
1749263874,0.01887000,69834.00000000,0.01906
1749263874,0.01886000,26730.00000000,0.01906
1749263874,0.01885000,1238478.00000000,0.01906
1749263874,0.01884000,118484.00000000,0.01906
1749263874,0.01883000,1160316.00000000,0.01906
1749263874,0.01882000,28622.00000000,0.01906
1749263874,0.01881000,1049771.00000000,0.01906
1749263874,0.01880000,39245.00000000,0.01906
1749263874,0.01879000,1389029.00000000,0.01906
1749263874,0.01878000,28649.00000000,0.01906
1749263874,0.01877000,1084558.00000000,0.01906
1749263874,0.01876000,453.00000000,0.01906
1749263874,0.01875000,1242627.00000000,0.01906
1749263874,0.01873000,1407250.00000000,0.01906
1749263874,0.01872000,458.00000000,0.01906
1749263874,0.01871000,1060812.00000000,0.01906
1749263874,0.01870000,6881.00000000,0.01906
1749263874,0.01869000,1149314.00000000,0.01906
1749263874,0.01866000,1254227.00000000,0.01906
1749263874,0.01865000,187585.00000000,0.01906
1749263874,0.01864000,456.00000000,0.01906
1749263874,0.01860000,352.00000000,0.01906
1749263874,0.01858000,274.00000000,0.01906
1749263874,0.01852000,459.00000000,0.01906
1749263874,0.01850000,271.00000000,0.01906
1749263874,0.01849000,274.00000000,0.01906
1749263874,0.01848000,458.00000000,0.01906
1749263874,0.01842000,5428.00000000,0.01906
1749263874,0.01841000,736.00000000,0.01906
1749263874,0.01840000,352.00000000,0.01906
1749263874,0.01839000,27413.00000000,0.01906
1749263874,0.01833000,274.00000000,0.01906
1749263874,0.01830000,16838.00000000,0.01906
1749263874,0.01829000,24724.00000000,0.01906
1749263874,0.01825000,3479.00000000,0.01906
1749263874,0.01824000,458.00000000,0.01906
1749263874,0.01820000,352.00000000,0.01906
1749263874,0.01815000,1550.00000000,0.01906
1749263874,0.01814000,1674.00000000,0.01906
1749263874,0.01813000,3312.00000000,0.01906
1749263874,0.01812000,331.00000000,0.01906
1749263874,0.01800000,2644.00000000,0.01906
1749263874,0.01790000,300.00000000,0.01906
1749263874,0.01782000,5050.00000000,0.01906
1749263874,0.01780000,8031.00000000,0.01906
1749263874,0.01773000,2090.00000000,0.01906
1749263874,0.01760000,352.00000000,0.01906
1749263874,0.01758000,5551.00000000,0.01906
1749263874,0.01757000,3415.00000000,0.01906
1749263874,0.01750000,6000.00000000,0.01906
1749263874,0.01747000,572.00000000,0.01906
1749263874,0.01745000,1464.00000000,0.01906
1749263874,0.01740000,714.00000000,0.01906
1749263874,0.01739000,28331.00000000,0.01906
1749263874,0.01737000,30980.00000000,0.01906
1749263874,0.01733000,5500.00000000,0.01906
1749263874,0.01730000,6240.00000000,0.01906
1749263874,0.01720000,352.00000000,0.01906
1749263874,0.01716000,877.00000000,0.01906
1749263874,0.01714000,1276.00000000,0.01906
1749263874,0.01700000,7737.00000000,0.01906
1749263874,0.01699000,3441.00000000,0.01906
1749263874,0.01698000,5300.00000000,0.01906
1749263874,0.01688000,5924.00000000,0.01906
1749263874,0.01681000,1000.00000000,0.01906
1749263874,0.01680000,6304.00000000,0.01906
1749263874,0.01660000,352.00000000,0.01906
1749263874,0.01658000,120024.00000000,0.01906
1749263874,0.01640000,352.00000000,0.01906
1749263874,0.01632000,3063.00000000,0.01906
1749263874,0.01622000,39480.00000000,0.01906
1749263874,0.01620000,352.00000000,0.01906
1749263874,0.01616000,1857.00000000,0.01906
1749263874,0.01615000,42662.00000000,0.01906
1749263874,0.01611000,2450.00000000,0.01906
1749263874,0.01600000,7914.00000000,0.01906
1749263874,0.01580000,352.00000000,0.01906
1749263874,0.01578000,63000.00000000,0.01906
1749263874,0.01570000,362.00000000,0.01906
1749263874,0.01560000,352.00000000,0.01906
1749263874,0.01540000,352.00000000,0.01906
1749263874,0.01520000,352.00000000,0.01906
1749263874,0.01501000,115234.00000000,0.01906
1749264176,0.01902000,284028.00000000,0.01903
1749264176,0.01901000,581477.00000000,0.01903
1749264176,0.01900000,451275.00000000,0.01903
1749264176,0.01899000,70552.00000000,0.01903
1749264176,0.01898000,142305.00000000,0.01903
1749264176,0.01897000,47532.00000000,0.01903
1749264176,0.01896000,54646.00000000,0.01903
1749264176,0.01895000,71606.00000000,0.01903
1749264176,0.01894000,27816.00000000,0.01903
1749264176,0.01893000,48862.00000000,0.01903
1749264176,0.01892000,8152.00000000,0.01903
1749264176,0.01891000,45948.00000000,0.01903
1749264176,0.01890000,44952.00000000,0.01903
1749264176,0.01889000,60381.00000000,0.01903
1749264176,0.01888000,451989.00000000,0.01903
1749264176,0.01887000,69834.00000000,0.01903
1749264176,0.01885000,504.00000000,0.01903
1749264176,0.01884000,127691.00000000,0.01903
1749264176,0.01883000,1690936.00000000,0.01903
1749264176,0.01882000,28622.00000000,0.01903
1749264176,0.01881000,1076573.00000000,0.01903
1749264176,0.01880000,39245.00000000,0.01903
1749264176,0.01879000,1389029.00000000,0.01903
1749264176,0.01878000,15819.00000000,0.01903
1749264176,0.01877000,1084558.00000000,0.01903
1749264176,0.01876000,453.00000000,0.01903
1749264176,0.01875000,1242627.00000000,0.01903
1749264176,0.01874000,12857.00000000,0.01903
1749264176,0.01873000,1407250.00000000,0.01903
1749264176,0.01872000,458.00000000,0.01903
1749264176,0.01871000,1060812.00000000,0.01903
1749264176,0.01870000,6881.00000000,0.01903
1749264176,0.01869000,1149314.00000000,0.01903
1749264176,0.01866000,1254227.00000000,0.01903
1749264176,0.01865000,187585.00000000,0.01903
1749264176,0.01864000,456.00000000,0.01903
1749264176,0.01863000,1211940.00000000,0.01903
1749264176,0.01860000,352.00000000,0.01903
1749264176,0.01858000,274.00000000,0.01903
1749264176,0.01852000,459.00000000,0.01903
1749264176,0.01850000,271.00000000,0.01903
1749264176,0.01849000,274.00000000,0.01903
1749264176,0.01848000,458.00000000,0.01903
1749264176,0.01842000,5428.00000000,0.01903
1749264176,0.01841000,736.00000000,0.01903
1749264176,0.01840000,352.00000000,0.01903
1749264176,0.01833000,274.00000000,0.01903
1749264176,0.01830000,16838.00000000,0.01903
1749264176,0.01829000,24724.00000000,0.01903
1749264176,0.01825000,3479.00000000,0.01903
1749264176,0.01824000,458.00000000,0.01903
1749264176,0.01820000,352.00000000,0.01903
1749264176,0.01815000,1550.00000000,0.01903
1749264176,0.01814000,1674.00000000,0.01903
1749264176,0.01813000,3312.00000000,0.01903
1749264176,0.01812000,331.00000000,0.01903
1749264176,0.01800000,2644.00000000,0.01903
1749264176,0.01790000,300.00000000,0.01903
1749264176,0.01782000,5050.00000000,0.01903
1749264176,0.01780000,8031.00000000,0.01903
1749264176,0.01773000,2090.00000000,0.01903
1749264176,0.01760000,352.00000000,0.01903
1749264176,0.01758000,5551.00000000,0.01903
1749264176,0.01757000,3415.00000000,0.01903
1749264176,0.01750000,6000.00000000,0.01903
1749264176,0.01747000,572.00000000,0.01903
1749264176,0.01745000,1464.00000000,0.01903
1749264176,0.01740000,714.00000000,0.01903
1749264176,0.01739000,28331.00000000,0.01903
1749264176,0.01737000,30980.00000000,0.01903
1749264176,0.01733000,5500.00000000,0.01903
1749264176,0.01730000,6240.00000000,0.01903
1749264176,0.01720000,352.00000000,0.01903
1749264176,0.01716000,877.00000000,0.01903
1749264176,0.01714000,1276.00000000,0.01903
1749264176,0.01700000,7737.00000000,0.01903
1749264176,0.01699000,3441.00000000,0.01903
1749264176,0.01698000,5300.00000000,0.01903
1749264176,0.01688000,5924.00000000,0.01903
1749264176,0.01681000,1000.00000000,0.01903
1749264176,0.01680000,6304.00000000,0.01903
1749264176,0.01660000,352.00000000,0.01903
1749264176,0.01658000,120024.00000000,0.01903
1749264176,0.01640000,352.00000000,0.01903
1749264176,0.01632000,3063.00000000,0.01903
1749264176,0.01622000,39480.00000000,0.01903
1749264176,0.01620000,352.00000000,0.01903
1749264176,0.01616000,1857.00000000,0.01903
1749264176,0.01615000,42662.00000000,0.01903
1749264176,0.01611000,2450.00000000,0.01903
1749264176,0.01600000,7914.00000000,0.01903
1749264176,0.01580000,352.00000000,0.01903
1749264176,0.01578000,63000.00000000,0.01903
1749264176,0.01570000,362.00000000,0.01903
1749264176,0.01560000,352.00000000,0.01903
1749264176,0.01540000,352.00000000,0.01903
1749264176,0.01520000,352.00000000,0.01903
1749264176,0.01501000,115234.00000000,0.01903
1749264176,0.01500000,15138.00000000,0.01903
1749264176,0.01488000,5000.00000000,0.01903
1749264478,0.01902000,259745.00000000,0.01902
1749264478,0.01901000,362374.00000000,0.01902
1749264478,0.01900000,647254.00000000,0.01902
1749264478,0.01899000,314738.00000000,0.01902
1749264478,0.01898000,95666.00000000,0.01902
1749264478,0.01897000,65881.00000000,0.01902
1749264478,0.01896000,31010.00000000,0.01902
1749264478,0.01895000,75941.00000000,0.01902
1749264478,0.01894000,23440.00000000,0.01902
1749264478,0.01893000,64941.00000000,0.01902
1749264478,0.01892000,8164.00000000,0.01902
1749264478,0.01891000,38335.00000000,0.01902
1749264478,0.01890000,37335.00000000,0.01902
1749264478,0.01889000,43428.00000000,0.01902
1749264478,0.01887000,575062.00000000,0.01902
1749264478,0.01886000,9319.00000000,0.01902
1749264478,0.01885000,504.00000000,0.01902
1749264478,0.01884000,127220.00000000,0.01902
1749264478,0.01883000,1690936.00000000,0.01902
1749264478,0.01882000,28622.00000000,0.01902
1749264478,0.01881000,1076573.00000000,0.01902
1749264478,0.01880000,16171.00000000,0.01902
1749264478,0.01879000,1389029.00000000,0.01902
1749264478,0.01878000,15819.00000000,0.01902
1749264478,0.01877000,1084558.00000000,0.01902
1749264478,0.01876000,16272.00000000,0.01902
1749264478,0.01875000,1265762.00000000,0.01902
1749264478,0.01874000,27423.00000000,0.01902
1749264478,0.01873000,1407250.00000000,0.01902
1749264478,0.01872000,458.00000000,0.01902
1749264478,0.01871000,1060812.00000000,0.01902
1749264478,0.01870000,19766.00000000,0.01902
1749264478,0.01869000,1071.00000000,0.01902
1749264478,0.01866000,1254227.00000000,0.01902
1749264478,0.01865000,187585.00000000,0.01902
1749264478,0.01864000,456.00000000,0.01902
1749264478,0.01863000,1211940.00000000,0.01902
1749264478,0.01860000,1253722.00000000,0.01902
1749264478,0.01858000,274.00000000,0.01902
1749264478,0.01852000,459.00000000,0.01902
1749264478,0.01850000,271.00000000,0.01902
1749264478,0.01849000,274.00000000,0.01902
1749264478,0.01848000,458.00000000,0.01902
1749264478,0.01842000,5428.00000000,0.01902
1749264478,0.01841000,736.00000000,0.01902
1749264478,0.01840000,352.00000000,0.01902
1749264478,0.01833000,274.00000000,0.01902
1749264478,0.01830000,16838.00000000,0.01902
1749264478,0.01829000,24724.00000000,0.01902
1749264478,0.01825000,3479.00000000,0.01902
1749264478,0.01824000,458.00000000,0.01902
1749264478,0.01820000,352.00000000,0.01902
1749264478,0.01815000,1550.00000000,0.01902
1749264478,0.01814000,1674.00000000,0.01902
1749264478,0.01813000,3312.00000000,0.01902
1749264478,0.01812000,331.00000000,0.01902
1749264478,0.01800000,2644.00000000,0.01902
1749264478,0.01790000,300.00000000,0.01902
1749264478,0.01782000,5050.00000000,0.01902
1749264478,0.01780000,8031.00000000,0.01902
1749264478,0.01773000,2090.00000000,0.01902
1749264478,0.01760000,352.00000000,0.01902
1749264478,0.01758000,5551.00000000,0.01902
1749264478,0.01757000,3415.00000000,0.01902
1749264478,0.01750000,6000.00000000,0.01902
1749264478,0.01747000,572.00000000,0.01902
1749264478,0.01745000,1464.00000000,0.01902
1749264478,0.01740000,714.00000000,0.01902
1749264478,0.01739000,28331.00000000,0.01902
1749264478,0.01737000,30980.00000000,0.01902
1749264478,0.01733000,5500.00000000,0.01902
1749264478,0.01730000,6240.00000000,0.01902
1749264478,0.01720000,352.00000000,0.01902
1749264478,0.01716000,877.00000000,0.01902
1749264478,0.01712000,1276.00000000,0.01902
1749264478,0.01700000,7737.00000000,0.01902
1749264478,0.01699000,3441.00000000,0.01902
1749264478,0.01698000,5300.00000000,0.01902
1749264478,0.01688000,5924.00000000,0.01902
1749264478,0.01681000,1000.00000000,0.01902
1749264478,0.01680000,6304.00000000,0.01902
1749264478,0.01660000,352.00000000,0.01902
1749264478,0.01658000,120024.00000000,0.01902
1749264478,0.01640000,352.00000000,0.01902
1749264478,0.01632000,3063.00000000,0.01902
1749264478,0.01622000,39480.00000000,0.01902
1749264478,0.01620000,352.00000000,0.01902
1749264478,0.01616000,1857.00000000,0.01902
1749264478,0.01615000,42662.00000000,0.01902
1749264478,0.01611000,2450.00000000,0.01902
1749264478,0.01600000,7914.00000000,0.01902
1749264478,0.01580000,352.00000000,0.01902
1749264478,0.01578000,63000.00000000,0.01902
1749264478,0.01570000,362.00000000,0.01902
1749264478,0.01560000,352.00000000,0.01902
1749264478,0.01540000,352.00000000,0.01902
1749264478,0.01520000,352.00000000,0.01902
1749264478,0.01501000,115234.00000000,0.01902
1749264478,0.01500000,15138.00000000,0.01902
1749264478,0.01488000,5000.00000000,0.01902
1749264779,0.01902000,255547.00000000,0.01902
1749264779,0.01901000,372942.00000000,0.01902
1749264779,0.01900000,621557.00000000,0.01902
1749264779,0.01899000,222287.00000000,0.01902
1749264779,0.01898000,93565.00000000,0.01902
1749264779,0.01897000,90290.00000000,0.01902
1749264779,0.01896000,31010.00000000,0.01902
1749264779,0.01895000,75941.00000000,0.01902
1749264779,0.01894000,23440.00000000,0.01902
1749264779,0.01893000,64941.00000000,0.01902
1749264779,0.01892000,8164.00000000,0.01902
1749264779,0.01891000,45956.00000000,0.01902
1749264779,0.01890000,44956.00000000,0.01902
1749264779,0.01889000,43428.00000000,0.01902
1749264779,0.01888000,451989.00000000,0.01902
1749264779,0.01887000,628720.00000000,0.01902
1749264779,0.01885000,500349.00000000,0.01902
1749264779,0.01884000,127646.00000000,0.01902
1749264779,0.01883000,1690936.00000000,0.01902
1749264779,0.01882000,28622.00000000,0.01902
1749264779,0.01881000,1076573.00000000,0.01902
1749264779,0.01880000,16171.00000000,0.01902
1749264779,0.01879000,1389029.00000000,0.01902
1749264779,0.01878000,15819.00000000,0.01902
1749264779,0.01877000,1084558.00000000,0.01902
1749264779,0.01876000,16272.00000000,0.01902
1749264779,0.01875000,1265762.00000000,0.01902
1749264779,0.01873000,1407250.00000000,0.01902
1749264779,0.01872000,458.00000000,0.01902
1749264779,0.01871000,1060812.00000000,0.01902
1749264779,0.01870000,19766.00000000,0.01902
1749264779,0.01869000,1071.00000000,0.01902
1749264779,0.01866000,1254227.00000000,0.01902
1749264779,0.01865000,187585.00000000,0.01902
1749264779,0.01864000,456.00000000,0.01902
1749264779,0.01863000,1211940.00000000,0.01902
1749264779,0.01860000,1253722.00000000,0.01902
1749264779,0.01858000,274.00000000,0.01902
1749264779,0.01852000,459.00000000,0.01902
1749264779,0.01850000,271.00000000,0.01902
1749264779,0.01849000,274.00000000,0.01902
1749264779,0.01848000,458.00000000,0.01902
1749264779,0.01842000,5428.00000000,0.01902
1749264779,0.01841000,736.00000000,0.01902
1749264779,0.01840000,352.00000000,0.01902
1749264779,0.01833000,274.00000000,0.01902
1749264779,0.01830000,16838.00000000,0.01902
1749264779,0.01829000,24724.00000000,0.01902
1749264779,0.01825000,3479.00000000,0.01902
1749264779,0.01824000,458.00000000,0.01902
1749264779,0.01820000,352.00000000,0.01902
1749264779,0.01815000,1550.00000000,0.01902
1749264779,0.01814000,1674.00000000,0.01902
1749264779,0.01813000,3312.00000000,0.01902
1749264779,0.01812000,331.00000000,0.01902
1749264779,0.01800000,2644.00000000,0.01902
1749264779,0.01790000,300.00000000,0.01902
1749264779,0.01782000,5050.00000000,0.01902
1749264779,0.01780000,8031.00000000,0.01902
1749264779,0.01773000,2090.00000000,0.01902
1749264779,0.01760000,352.00000000,0.01902
1749264779,0.01758000,5551.00000000,0.01902
1749264779,0.01757000,3415.00000000,0.01902
1749264779,0.01750000,6000.00000000,0.01902
1749264779,0.01747000,572.00000000,0.01902
1749264779,0.01745000,1464.00000000,0.01902
1749264779,0.01740000,714.00000000,0.01902
1749264779,0.01739000,28331.00000000,0.01902
1749264779,0.01737000,30980.00000000,0.01902
1749264779,0.01733000,5500.00000000,0.01902
1749264779,0.01730000,6240.00000000,0.01902
1749264779,0.01720000,352.00000000,0.01902
1749264779,0.01716000,877.00000000,0.01902
1749264779,0.01712000,1276.00000000,0.01902
1749264779,0.01700000,7737.00000000,0.01902
1749264779,0.01699000,3441.00000000,0.01902
1749264779,0.01698000,5300.00000000,0.01902
1749264779,0.01688000,5924.00000000,0.01902
1749264779,0.01681000,1000.00000000,0.01902
1749264779,0.01680000,6304.00000000,0.01902
1749264779,0.01660000,352.00000000,0.01902
1749264779,0.01658000,120024.00000000,0.01902
1749264779,0.01640000,352.00000000,0.01902
1749264779,0.01632000,3063.00000000,0.01902
1749264779,0.01622000,39480.00000000,0.01902
1749264779,0.01620000,352.00000000,0.01902
1749264779,0.01616000,1857.00000000,0.01902
1749264779,0.01615000,42662.00000000,0.01902
1749264779,0.01611000,2450.00000000,0.01902
1749264779,0.01600000,7914.00000000,0.01902
1749264779,0.01580000,352.00000000,0.01902
1749264779,0.01578000,63000.00000000,0.01902
1749264779,0.01570000,362.00000000,0.01902
1749264779,0.01560000,352.00000000,0.01902
1749264779,0.01540000,352.00000000,0.01902
1749264779,0.01520000,352.00000000,0.01902
1749264779,0.01501000,115234.00000000,0.01902
1749264779,0.01500000,15138.00000000,0.01902
1749264779,0.01488000,5000.00000000,0.01902
1749264779,0.01487000,672.00000000,0.01902
1749265081,0.01903000,14227.00000000,0.01903
1749265081,0.01902000,368130.00000000,0.01903
1749265081,0.01901000,339116.00000000,0.01903
1749265081,0.01900000,671643.00000000,0.01903
1749265081,0.01899000,283017.00000000,0.01903
1749265081,0.01898000,50166.00000000,0.01903
1749265081,0.01897000,37107.00000000,0.01903
1749265081,0.01896000,54653.00000000,0.01903
1749265081,0.01895000,52524.00000000,0.01903
1749265081,0.01894000,15819.00000000,0.01903
1749265081,0.01892000,8160.00000000,0.01903
1749265081,0.01891000,45952.00000000,0.01903
1749265081,0.01890000,59153.00000000,0.01903
1749265081,0.01889000,495177.00000000,0.01903
1749265081,0.01888000,66027.00000000,0.01903
1749265081,0.01887000,566805.00000000,0.01903
1749265081,0.01885000,500349.00000000,0.01903
1749265081,0.01884000,118484.00000000,0.01903
1749265081,0.01883000,1690936.00000000,0.01903
1749265081,0.01882000,28622.00000000,0.01903
1749265081,0.01881000,1076573.00000000,0.01903
1749265081,0.01880000,39245.00000000,0.01903
1749265081,0.01879000,1389029.00000000,0.01903
1749265081,0.01878000,28649.00000000,0.01903
1749265081,0.01877000,1084558.00000000,0.01903
1749265081,0.01876000,16272.00000000,0.01903
1749265081,0.01875000,1242627.00000000,0.01903
1749265081,0.01873000,1414117.00000000,0.01903
1749265081,0.01872000,458.00000000,0.01903
1749265081,0.01871000,1060812.00000000,0.01903
1749265081,0.01870000,27458.00000000,0.01903
1749265081,0.01869000,1071.00000000,0.01903
1749265081,0.01866000,1254227.00000000,0.01903
1749265081,0.01865000,187585.00000000,0.01903
1749265081,0.01864000,456.00000000,0.01903
1749265081,0.01863000,1211940.00000000,0.01903
1749265081,0.01860000,1253722.00000000,0.01903
1749265081,0.01858000,274.00000000,0.01903
1749265081,0.01852000,459.00000000,0.01903
1749265081,0.01850000,271.00000000,0.01903
1749265081,0.01849000,274.00000000,0.01903
1749265081,0.01848000,458.00000000,0.01903
1749265081,0.01842000,5428.00000000,0.01903
1749265081,0.01841000,736.00000000,0.01903
1749265081,0.01840000,352.00000000,0.01903
1749265081,0.01833000,274.00000000,0.01903
1749265081,0.01830000,16838.00000000,0.01903
1749265081,0.01829000,24724.00000000,0.01903
1749265081,0.01825000,3479.00000000,0.01903
1749265081,0.01824000,458.00000000,0.01903
1749265081,0.01820000,352.00000000,0.01903
1749265081,0.01815000,1550.00000000,0.01903
1749265081,0.01814000,1674.00000000,0.01903
1749265081,0.01813000,3312.00000000,0.01903
1749265081,0.01812000,331.00000000,0.01903
1749265081,0.01800000,2644.00000000,0.01903
1749265081,0.01790000,300.00000000,0.01903
1749265081,0.01782000,5050.00000000,0.01903
1749265081,0.01780000,8031.00000000,0.01903
1749265081,0.01773000,2090.00000000,0.01903
1749265081,0.01760000,352.00000000,0.01903
1749265081,0.01758000,5551.00000000,0.01903
1749265081,0.01757000,3415.00000000,0.01903
1749265081,0.01750000,6000.00000000,0.01903
1749265081,0.01747000,572.00000000,0.01903
1749265081,0.01745000,1464.00000000,0.01903
1749265081,0.01740000,714.00000000,0.01903
1749265081,0.01739000,28331.00000000,0.01903
1749265081,0.01737000,30980.00000000,0.01903
1749265081,0.01733000,5500.00000000,0.01903
1749265081,0.01730000,6240.00000000,0.01903
1749265081,0.01720000,352.00000000,0.01903
1749265081,0.01716000,877.00000000,0.01903
1749265081,0.01713000,1276.00000000,0.01903
1749265081,0.01700000,7737.00000000,0.01903
1749265081,0.01699000,3441.00000000,0.01903
1749265081,0.01698000,5300.00000000,0.01903
1749265081,0.01688000,5924.00000000,0.01903
1749265081,0.01681000,1000.00000000,0.01903
1749265081,0.01680000,6304.00000000,0.01903
1749265081,0.01660000,352.00000000,0.01903
1749265081,0.01658000,120024.00000000,0.01903
1749265081,0.01640000,352.00000000,0.01903
1749265081,0.01632000,3063.00000000,0.01903
1749265081,0.01622000,39480.00000000,0.01903
1749265081,0.01620000,352.00000000,0.01903
1749265081,0.01616000,1857.00000000,0.01903
1749265081,0.01615000,42662.00000000,0.01903
1749265081,0.01611000,2450.00000000,0.01903
1749265081,0.01600000,7914.00000000,0.01903
1749265081,0.01580000,352.00000000,0.01903
1749265081,0.01578000,63000.00000000,0.01903
1749265081,0.01570000,362.00000000,0.01903
1749265081,0.01560000,352.00000000,0.01903
1749265081,0.01540000,352.00000000,0.01903
1749265081,0.01520000,352.00000000,0.01903
1749265081,0.01501000,115234.00000000,0.01903
1749265081,0.01500000,15138.00000000,0.01903
1749265081,0.01488000,5000.00000000,0.01903
1749265081,0.01487000,672.00000000,0.01903
1749265385,0.01902000,27756.00000000,0.01902
1749265385,0.01901000,528722.00000000,0.01902
1749265385,0.01900000,379568.00000000,0.01902
1749265385,0.01899000,428839.00000000,0.01902
1749265385,0.01898000,245626.00000000,0.01902
1749265385,0.01897000,142818.00000000,0.01902
1749265385,0.01896000,50680.00000000,0.01902
1749265385,0.01895000,42956.00000000,0.01902
1749265385,0.01894000,37758.00000000,0.01902
1749265385,0.01893000,41852.00000000,0.01902
1749265385,0.01892000,8160.00000000,0.01902
1749265385,0.01891000,23436.00000000,0.01902
1749265385,0.01890000,56369.00000000,0.01902
1749265385,0.01889000,73585.00000000,0.01902
1749265385,0.01888000,15996.00000000,0.01902
1749265385,0.01887000,522062.00000000,0.01902
1749265385,0.01886000,53100.00000000,0.01902
1749265385,0.01885000,527784.00000000,0.01902
1749265385,0.01884000,15819.00000000,0.01902
1749265385,0.01883000,530894.00000000,0.01902
1749265385,0.01882000,28622.00000000,0.01902
1749265385,0.01881000,1076573.00000000,0.01902
1749265385,0.01880000,143430.00000000,0.01902
1749265385,0.01879000,1389029.00000000,0.01902
1749265385,0.01878000,28649.00000000,0.01902
1749265385,0.01877000,1084558.00000000,0.01902
1749265385,0.01876000,16272.00000000,0.01902
1749265385,0.01875000,1242627.00000000,0.01902
1749265385,0.01873000,1414117.00000000,0.01902
1749265385,0.01872000,458.00000000,0.01902
1749265385,0.01871000,1060812.00000000,0.01902
1749265385,0.01869000,1071.00000000,0.01902
1749265385,0.01866000,1254227.00000000,0.01902
1749265385,0.01865000,187585.00000000,0.01902
1749265385,0.01864000,456.00000000,0.01902
1749265385,0.01863000,1211940.00000000,0.01902
1749265385,0.01860000,1253722.00000000,0.01902
1749265385,0.01858000,274.00000000,0.01902
1749265385,0.01857000,1238105.00000000,0.01902
1749265385,0.01852000,459.00000000,0.01902
1749265385,0.01850000,271.00000000,0.01902
1749265385,0.01849000,274.00000000,0.01902
1749265385,0.01848000,458.00000000,0.01902
1749265385,0.01842000,5428.00000000,0.01902
1749265385,0.01841000,736.00000000,0.01902
1749265385,0.01840000,352.00000000,0.01902
1749265385,0.01833000,274.00000000,0.01902
1749265385,0.01830000,16838.00000000,0.01902
1749265385,0.01829000,24724.00000000,0.01902
1749265385,0.01825000,3479.00000000,0.01902
1749265385,0.01824000,458.00000000,0.01902
1749265385,0.01820000,352.00000000,0.01902
1749265385,0.01815000,1550.00000000,0.01902
1749265385,0.01814000,1674.00000000,0.01902
1749265385,0.01813000,3312.00000000,0.01902
1749265385,0.01812000,331.00000000,0.01902
1749265385,0.01800000,2644.00000000,0.01902
1749265385,0.01790000,300.00000000,0.01902
1749265385,0.01782000,5050.00000000,0.01902
1749265385,0.01780000,8031.00000000,0.01902
1749265385,0.01773000,2090.00000000,0.01902
1749265385,0.01760000,352.00000000,0.01902
1749265385,0.01758000,5551.00000000,0.01902
1749265385,0.01757000,3415.00000000,0.01902
1749265385,0.01750000,6000.00000000,0.01902
1749265385,0.01747000,572.00000000,0.01902
1749265385,0.01745000,1464.00000000,0.01902
1749265385,0.01740000,714.00000000,0.01902
1749265385,0.01739000,28331.00000000,0.01902
1749265385,0.01737000,30980.00000000,0.01902
1749265385,0.01733000,5500.00000000,0.01902
1749265385,0.01730000,6240.00000000,0.01902
1749265385,0.01720000,352.00000000,0.01902
1749265385,0.01716000,877.00000000,0.01902
1749265385,0.01713000,1276.00000000,0.01902
1749265385,0.01700000,7737.00000000,0.01902
1749265385,0.01699000,3441.00000000,0.01902
1749265385,0.01698000,5300.00000000,0.01902
1749265385,0.01688000,5924.00000000,0.01902
1749265385,0.01681000,1000.00000000,0.01902
1749265385,0.01680000,6304.00000000,0.01902
1749265385,0.01660000,352.00000000,0.01902
1749265385,0.01658000,120024.00000000,0.01902
1749265385,0.01640000,352.00000000,0.01902
1749265385,0.01632000,3063.00000000,0.01902
1749265385,0.01622000,39480.00000000,0.01902
1749265385,0.01620000,352.00000000,0.01902
1749265385,0.01616000,1857.00000000,0.01902
1749265385,0.01615000,42662.00000000,0.01902
1749265385,0.01611000,2450.00000000,0.01902
1749265385,0.01600000,7914.00000000,0.01902
1749265385,0.01580000,352.00000000,0.01902
1749265385,0.01578000,63000.00000000,0.01902
1749265385,0.01570000,362.00000000,0.01902
1749265385,0.01560000,352.00000000,0.01902
1749265385,0.01540000,352.00000000,0.01902
1749265385,0.01520000,352.00000000,0.01902
1749265385,0.01501000,115234.00000000,0.01902
1749265385,0.01500000,15138.00000000,0.01902
1749265385,0.01488000,5000.00000000,0.01902
1749265687,0.01903000,74082.00000000,0.01903
1749265687,0.01902000,196464.00000000,0.01903
1749265687,0.01901000,398482.00000000,0.01903
1749265687,0.01900000,389424.00000000,0.01903
1749265687,0.01899000,279410.00000000,0.01903
1749265687,0.01898000,268341.00000000,0.01903
1749265687,0.01897000,85686.00000000,0.01903
1749265687,0.01896000,54779.00000000,0.01903
1749265687,0.01895000,60719.00000000,0.01903
1749265687,0.01894000,37758.00000000,0.01903
1749265687,0.01892000,8160.00000000,0.01903
1749265687,0.01891000,497272.00000000,0.01903
1749265687,0.01890000,37335.00000000,0.01903
1749265687,0.01889000,54986.00000000,0.01903
1749265687,0.01887000,122934.00000000,0.01903
1749265687,0.01885000,500349.00000000,0.01903
1749265687,0.01884000,24960.00000000,0.01903
1749265687,0.01883000,1621213.00000000,0.01903
1749265687,0.01882000,28622.00000000,0.01903
1749265687,0.01881000,26802.00000000,0.01903
1749265687,0.01880000,143430.00000000,0.01903
1749265687,0.01879000,213106.00000000,0.01903
1749265687,0.01878000,28649.00000000,0.01903
1749265687,0.01876000,16272.00000000,0.01903
1749265687,0.01875000,274.00000000,0.01903
1749265687,0.01873000,170233.00000000,0.01903
1749265687,0.01872000,458.00000000,0.01903
1749265687,0.01869000,1071.00000000,0.01903
1749265687,0.01866000,274.00000000,0.01903
1749265687,0.01865000,187585.00000000,0.01903
1749265687,0.01864000,27861.00000000,0.01903
1749265687,0.01863000,1211940.00000000,0.01903
1749265687,0.01860000,1253722.00000000,0.01903
1749265687,0.01858000,274.00000000,0.01903
1749265687,0.01854000,1195074.00000000,0.01903
1749265687,0.01852000,1221376.00000000,0.01903
1749265687,0.01850000,271.00000000,0.01903
1749265687,0.01849000,1100465.00000000,0.01903
1749265687,0.01848000,458.00000000,0.01903
1749265687,0.01846000,1204555.00000000,0.01903
1749265687,0.01843000,1209484.00000000,0.01903
1749265687,0.01842000,5428.00000000,0.01903
1749265687,0.01841000,736.00000000,0.01903
1749265687,0.01840000,1111796.00000000,0.01903
1749265687,0.01837000,1146797.00000000,0.01903
1749265687,0.01833000,274.00000000,0.01903
1749265687,0.01830000,5929.00000000,0.01903
1749265687,0.01829000,24724.00000000,0.01903
1749265687,0.01826000,10933.00000000,0.01903
1749265687,0.01825000,3479.00000000,0.01903
1749265687,0.01824000,458.00000000,0.01903
1749265687,0.01820000,352.00000000,0.01903
1749265687,0.01815000,1550.00000000,0.01903
1749265687,0.01814000,1674.00000000,0.01903
1749265687,0.01813000,3312.00000000,0.01903
1749265687,0.01812000,331.00000000,0.01903
1749265687,0.01800000,2644.00000000,0.01903
1749265687,0.01790000,300.00000000,0.01903
1749265687,0.01782000,5050.00000000,0.01903
1749265687,0.01780000,8031.00000000,0.01903
1749265687,0.01773000,2090.00000000,0.01903
1749265687,0.01760000,352.00000000,0.01903
1749265687,0.01758000,5551.00000000,0.01903
1749265687,0.01757000,3415.00000000,0.01903
1749265687,0.01750000,6000.00000000,0.01903
1749265687,0.01747000,572.00000000,0.01903
1749265687,0.01745000,1464.00000000,0.01903
1749265687,0.01740000,714.00000000,0.01903
1749265687,0.01739000,28331.00000000,0.01903
1749265687,0.01737000,30980.00000000,0.01903
1749265687,0.01733000,5500.00000000,0.01903
1749265687,0.01730000,6240.00000000,0.01903
1749265687,0.01720000,352.00000000,0.01903
1749265687,0.01716000,877.00000000,0.01903
1749265687,0.01713000,1276.00000000,0.01903
1749265687,0.01700000,7737.00000000,0.01903
1749265687,0.01699000,3441.00000000,0.01903
1749265687,0.01698000,5300.00000000,0.01903
1749265687,0.01688000,5924.00000000,0.01903
1749265687,0.01681000,1000.00000000,0.01903
1749265687,0.01680000,6304.00000000,0.01903
1749265687,0.01660000,352.00000000,0.01903
1749265687,0.01658000,120024.00000000,0.01903
1749265687,0.01640000,352.00000000,0.01903
1749265687,0.01632000,3063.00000000,0.01903
1749265687,0.01622000,39480.00000000,0.01903
1749265687,0.01620000,352.00000000,0.01903
1749265687,0.01616000,1857.00000000,0.01903
1749265687,0.01615000,42662.00000000,0.01903
1749265687,0.01611000,2450.00000000,0.01903
1749265687,0.01600000,7914.00000000,0.01903
1749265687,0.01580000,352.00000000,0.01903
1749265687,0.01578000,63000.00000000,0.01903
1749265687,0.01570000,362.00000000,0.01903
1749265687,0.01560000,352.00000000,0.01903
1749265687,0.01540000,352.00000000,0.01903
1749265687,0.01520000,352.00000000,0.01903
1749265687,0.01501000,115234.00000000,0.01903
1749265687,0.01500000,15138.00000000,0.01903
1749265687,0.01488000,5000.00000000,0.01903
1749265989,0.01906000,29191.00000000,0.01907
1749265989,0.01905000,71658.00000000,0.01907
1749265989,0.01904000,88325.00000000,0.01907
1749265989,0.01903000,361319.00000000,0.01907
1749265989,0.01902000,384304.00000000,0.01907
1749265989,0.01901000,264685.00000000,0.01907
1749265989,0.01900000,404320.00000000,0.01907
1749265989,0.01899000,85380.00000000,0.01907
1749265989,0.01898000,21707.00000000,0.01907
1749265989,0.01897000,90879.00000000,0.01907
1749265989,0.01896000,14880.00000000,0.01907
1749265989,0.01895000,19325.00000000,0.01907
1749265989,0.01894000,83254.00000000,0.01907
1749265989,0.01893000,30200.00000000,0.01907
1749265989,0.01892000,458924.00000000,0.01907
1749265989,0.01891000,15819.00000000,0.01907
1749265989,0.01890000,37335.00000000,0.01907
1749265989,0.01889000,43428.00000000,0.01907
1749265989,0.01887000,1177919.00000000,0.01907
1749265989,0.01886000,12492.00000000,0.01907
1749265989,0.01885000,1568368.00000000,0.01907
1749265989,0.01884000,118194.00000000,0.01907
1749265989,0.01883000,1127371.00000000,0.01907
1749265989,0.01882000,28622.00000000,0.01907
1749265989,0.01881000,26802.00000000,0.01907
1749265989,0.01880000,16171.00000000,0.01907
1749265989,0.01879000,213106.00000000,0.01907
1749265989,0.01878000,28649.00000000,0.01907
1749265989,0.01876000,16272.00000000,0.01907
1749265989,0.01875000,274.00000000,0.01907
1749265989,0.01873000,197599.00000000,0.01907
1749265989,0.01872000,458.00000000,0.01907
1749265989,0.01869000,1071.00000000,0.01907
1749265989,0.01866000,274.00000000,0.01907
1749265989,0.01865000,187585.00000000,0.01907
1749265989,0.01864000,456.00000000,0.01907
1749265989,0.01860000,1253722.00000000,0.01907
1749265989,0.01858000,274.00000000,0.01907
1749265989,0.01854000,1195074.00000000,0.01907
1749265989,0.01852000,1221376.00000000,0.01907
1749265989,0.01850000,271.00000000,0.01907
1749265989,0.01849000,1100465.00000000,0.01907
1749265989,0.01848000,458.00000000,0.01907
1749265989,0.01846000,1204555.00000000,0.01907
1749265989,0.01843000,1209484.00000000,0.01907
1749265989,0.01842000,5428.00000000,0.01907
1749265989,0.01841000,736.00000000,0.01907
1749265989,0.01840000,1111796.00000000,0.01907
1749265989,0.01833000,274.00000000,0.01907
1749265989,0.01830000,5929.00000000,0.01907
1749265989,0.01829000,24724.00000000,0.01907
1749265989,0.01826000,10933.00000000,0.01907
1749265989,0.01825000,3479.00000000,0.01907
1749265989,0.01824000,458.00000000,0.01907
1749265989,0.01820000,352.00000000,0.01907
1749265989,0.01815000,1550.00000000,0.01907
1749265989,0.01814000,1674.00000000,0.01907
1749265989,0.01813000,3312.00000000,0.01907
1749265989,0.01812000,331.00000000,0.01907
1749265989,0.01800000,2644.00000000,0.01907
1749265989,0.01790000,300.00000000,0.01907
1749265989,0.01782000,5050.00000000,0.01907
1749265989,0.01780000,8031.00000000,0.01907
1749265989,0.01773000,2090.00000000,0.01907
1749265989,0.01760000,352.00000000,0.01907
1749265989,0.01758000,5551.00000000,0.01907
1749265989,0.01757000,3415.00000000,0.01907
1749265989,0.01750000,6000.00000000,0.01907
1749265989,0.01747000,572.00000000,0.01907
1749265989,0.01745000,1464.00000000,0.01907
1749265989,0.01740000,714.00000000,0.01907
1749265989,0.01739000,28331.00000000,0.01907
1749265989,0.01737000,30980.00000000,0.01907
1749265989,0.01733000,5500.00000000,0.01907
1749265989,0.01730000,6240.00000000,0.01907
1749265989,0.01720000,352.00000000,0.01907
1749265989,0.01716000,877.00000000,0.01907
1749265989,0.01714000,1276.00000000,0.01907
1749265989,0.01700000,7737.00000000,0.01907
1749265989,0.01699000,3441.00000000,0.01907
1749265989,0.01698000,5300.00000000,0.01907
1749265989,0.01688000,5924.00000000,0.01907
1749265989,0.01681000,1000.00000000,0.01907
1749265989,0.01680000,6304.00000000,0.01907
1749265989,0.01660000,352.00000000,0.01907
1749265989,0.01658000,120024.00000000,0.01907
1749265989,0.01640000,352.00000000,0.01907
1749265989,0.01632000,3063.00000000,0.01907
1749265989,0.01622000,39480.00000000,0.01907
1749265989,0.01620000,352.00000000,0.01907
1749265989,0.01616000,1857.00000000,0.01907
1749265989,0.01615000,42662.00000000,0.01907
1749265989,0.01611000,2450.00000000,0.01907
1749265989,0.01600000,7914.00000000,0.01907
1749265989,0.01580000,352.00000000,0.01907
1749265989,0.01578000,63000.00000000,0.01907
1749265989,0.01570000,362.00000000,0.01907
1749265989,0.01560000,352.00000000,0.01907
1749265989,0.01540000,352.00000000,0.01907
1749265989,0.01520000,352.00000000,0.01907
1749266295,0.01907000,42681.00000000,0.01907
1749266295,0.01906000,186353.00000000,0.01907
1749266295,0.01905000,260498.00000000,0.01907
1749266295,0.01904000,266826.00000000,0.01907
1749266295,0.01903000,131899.00000000,0.01907
1749266295,0.01902000,49738.00000000,0.01907
1749266295,0.01901000,169986.00000000,0.01907
1749266295,0.01900000,46761.00000000,0.01907
1749266295,0.01899000,94896.00000000,0.01907
1749266295,0.01898000,21695.00000000,0.01907
1749266295,0.01897000,15819.00000000,0.01907
1749266295,0.01896000,7601.00000000,0.01907
1749266295,0.01895000,59848.00000000,0.01907
1749266295,0.01894000,25837.00000000,0.01907
1749266295,0.01893000,450795.00000000,0.01907
1749266295,0.01892000,89439.00000000,0.01907
1749266295,0.01891000,505323.00000000,0.01907
1749266295,0.01890000,23455.00000000,0.01907
1749266295,0.01889000,43428.00000000,0.01907
1749266295,0.01888000,45678.00000000,0.01907
1749266295,0.01887000,1177919.00000000,0.01907
1749266295,0.01886000,39506.00000000,0.01907
1749266295,0.01885000,1045510.00000000,0.01907
1749266295,0.01884000,118194.00000000,0.01907
1749266295,0.01883000,1090593.00000000,0.01907
1749266295,0.01882000,28622.00000000,0.01907
1749266295,0.01880000,16171.00000000,0.01907
1749266295,0.01879000,213106.00000000,0.01907
1749266295,0.01878000,15819.00000000,0.01907
1749266295,0.01877000,12837.00000000,0.01907
1749266295,0.01876000,23130.00000000,0.01907
1749266295,0.01875000,274.00000000,0.01907
1749266295,0.01873000,150502.00000000,0.01907
1749266295,0.01872000,458.00000000,0.01907
1749266295,0.01869000,1071.00000000,0.01907
1749266295,0.01866000,274.00000000,0.01907
1749266295,0.01865000,187585.00000000,0.01907
1749266295,0.01864000,456.00000000,0.01907
1749266295,0.01860000,352.00000000,0.01907
1749266295,0.01858000,274.00000000,0.01907
1749266295,0.01854000,1195074.00000000,0.01907
1749266295,0.01852000,1221376.00000000,0.01907
1749266295,0.01850000,271.00000000,0.01907
1749266295,0.01849000,1100465.00000000,0.01907
1749266295,0.01848000,458.00000000,0.01907
1749266295,0.01846000,1204555.00000000,0.01907
1749266295,0.01843000,1209484.00000000,0.01907
1749266295,0.01842000,5428.00000000,0.01907
1749266295,0.01841000,736.00000000,0.01907
1749266295,0.01840000,1111796.00000000,0.01907
1749266295,0.01837000,1254101.00000000,0.01907
1749266295,0.01833000,274.00000000,0.01907
1749266295,0.01830000,5929.00000000,0.01907
1749266295,0.01829000,24724.00000000,0.01907
1749266295,0.01826000,10933.00000000,0.01907
1749266295,0.01825000,3479.00000000,0.01907
1749266295,0.01824000,458.00000000,0.01907
1749266295,0.01820000,352.00000000,0.01907
1749266295,0.01815000,1550.00000000,0.01907
1749266295,0.01814000,1674.00000000,0.01907
1749266295,0.01813000,3312.00000000,0.01907
1749266295,0.01812000,331.00000000,0.01907
1749266295,0.01800000,2644.00000000,0.01907
1749266295,0.01790000,300.00000000,0.01907
1749266295,0.01782000,5050.00000000,0.01907
1749266295,0.01780000,8031.00000000,0.01907
1749266295,0.01773000,2090.00000000,0.01907
1749266295,0.01760000,352.00000000,0.01907
1749266295,0.01758000,5551.00000000,0.01907
1749266295,0.01757000,3415.00000000,0.01907
1749266295,0.01750000,6000.00000000,0.01907
1749266295,0.01747000,572.00000000,0.01907
1749266295,0.01745000,1464.00000000,0.01907
1749266295,0.01740000,714.00000000,0.01907
1749266295,0.01739000,28331.00000000,0.01907
1749266295,0.01737000,30980.00000000,0.01907
1749266295,0.01733000,5500.00000000,0.01907
1749266295,0.01730000,6240.00000000,0.01907
1749266295,0.01720000,352.00000000,0.01907
1749266295,0.01716000,877.00000000,0.01907
1749266295,0.01714000,1276.00000000,0.01907
1749266295,0.01700000,7737.00000000,0.01907
1749266295,0.01699000,3441.00000000,0.01907
1749266295,0.01698000,5300.00000000,0.01907
1749266295,0.01688000,5924.00000000,0.01907
1749266295,0.01681000,1000.00000000,0.01907
1749266295,0.01680000,6304.00000000,0.01907
1749266295,0.01660000,352.00000000,0.01907
1749266295,0.01658000,120024.00000000,0.01907
1749266295,0.01640000,352.00000000,0.01907
1749266295,0.01632000,3063.00000000,0.01907
1749266295,0.01622000,39480.00000000,0.01907
1749266295,0.01620000,352.00000000,0.01907
1749266295,0.01616000,1857.00000000,0.01907
1749266295,0.01615000,42662.00000000,0.01907
1749266295,0.01611000,2450.00000000,0.01907
1749266295,0.01600000,7914.00000000,0.01907
1749266295,0.01580000,352.00000000,0.01907
1749266295,0.01578000,63000.00000000,0.01907
1749266295,0.01570000,362.00000000,0.01907
1749266596,0.01907000,25504.00000000,0.01907
1749266596,0.01906000,159619.00000000,0.01907
1749266596,0.01905000,334636.00000000,0.01907
1749266596,0.01904000,253989.00000000,0.01907
1749266596,0.01903000,95487.00000000,0.01907
1749266596,0.01902000,37837.00000000,0.01907
1749266596,0.01901000,155144.00000000,0.01907
1749266596,0.01900000,38985.00000000,0.01907
1749266596,0.01899000,65613.00000000,0.01907
1749266596,0.01898000,21695.00000000,0.01907
1749266596,0.01897000,69528.00000000,0.01907
1749266596,0.01896000,7601.00000000,0.01907
1749266596,0.01895000,67390.00000000,0.01907
1749266596,0.01894000,23420.00000000,0.01907
1749266596,0.01893000,24956.00000000,0.01907
1749266596,0.01892000,506818.00000000,0.01907
1749266596,0.01891000,505323.00000000,0.01907
1749266596,0.01890000,503.00000000,0.01907
1749266596,0.01889000,43428.00000000,0.01907
1749266596,0.01888000,49307.00000000,0.01907
1749266596,0.01887000,1177919.00000000,0.01907
1749266596,0.01886000,39506.00000000,0.01907
1749266596,0.01885000,1068523.00000000,0.01907
1749266596,0.01884000,118194.00000000,0.01907
1749266596,0.01883000,1090593.00000000,0.01907
1749266596,0.01882000,28622.00000000,0.01907
1749266596,0.01880000,16171.00000000,0.01907
1749266596,0.01879000,213106.00000000,0.01907
1749266596,0.01878000,15819.00000000,0.01907
1749266596,0.01877000,12837.00000000,0.01907
1749266596,0.01876000,50492.00000000,0.01907
1749266596,0.01875000,274.00000000,0.01907
1749266596,0.01873000,150502.00000000,0.01907
1749266596,0.01872000,458.00000000,0.01907
1749266596,0.01869000,1071.00000000,0.01907
1749266596,0.01866000,274.00000000,0.01907
1749266596,0.01865000,187585.00000000,0.01907
1749266596,0.01864000,456.00000000,0.01907
1749266596,0.01860000,352.00000000,0.01907
1749266596,0.01858000,274.00000000,0.01907
1749266596,0.01854000,1195074.00000000,0.01907
1749266596,0.01852000,1221376.00000000,0.01907
1749266596,0.01850000,271.00000000,0.01907
1749266596,0.01849000,1100465.00000000,0.01907
1749266596,0.01848000,458.00000000,0.01907
1749266596,0.01846000,1204555.00000000,0.01907
1749266596,0.01843000,1209484.00000000,0.01907
1749266596,0.01842000,5428.00000000,0.01907
1749266596,0.01841000,736.00000000,0.01907
1749266596,0.01840000,1111796.00000000,0.01907
1749266596,0.01837000,1254101.00000000,0.01907
1749266596,0.01833000,274.00000000,0.01907
1749266596,0.01830000,5929.00000000,0.01907
1749266596,0.01829000,24724.00000000,0.01907
1749266596,0.01826000,10933.00000000,0.01907
1749266596,0.01825000,3479.00000000,0.01907
1749266596,0.01824000,458.00000000,0.01907
1749266596,0.01820000,352.00000000,0.01907
1749266596,0.01815000,1550.00000000,0.01907
1749266596,0.01814000,1674.00000000,0.01907
1749266596,0.01813000,3312.00000000,0.01907
1749266596,0.01812000,331.00000000,0.01907
1749266596,0.01800000,2644.00000000,0.01907
1749266596,0.01790000,300.00000000,0.01907
1749266596,0.01782000,5050.00000000,0.01907
1749266596,0.01780000,8031.00000000,0.01907
1749266596,0.01773000,2090.00000000,0.01907
1749266596,0.01760000,352.00000000,0.01907
1749266596,0.01758000,5551.00000000,0.01907
1749266596,0.01757000,3415.00000000,0.01907
1749266596,0.01750000,6000.00000000,0.01907
1749266596,0.01747000,572.00000000,0.01907
1749266596,0.01745000,1464.00000000,0.01907
1749266596,0.01740000,714.00000000,0.01907
1749266596,0.01739000,28331.00000000,0.01907
1749266596,0.01737000,30980.00000000,0.01907
1749266596,0.01733000,5500.00000000,0.01907
1749266596,0.01730000,6240.00000000,0.01907
1749266596,0.01720000,352.00000000,0.01907
1749266596,0.01716000,877.00000000,0.01907
1749266596,0.01715000,1272.00000000,0.01907
1749266596,0.01700000,7737.00000000,0.01907
1749266596,0.01699000,3441.00000000,0.01907
1749266596,0.01698000,5300.00000000,0.01907
1749266596,0.01688000,5924.00000000,0.01907
1749266596,0.01681000,1000.00000000,0.01907
1749266596,0.01680000,6304.00000000,0.01907
1749266596,0.01660000,352.00000000,0.01907
1749266596,0.01658000,120024.00000000,0.01907
1749266596,0.01640000,352.00000000,0.01907
1749266596,0.01632000,3063.00000000,0.01907
1749266596,0.01622000,39480.00000000,0.01907
1749266596,0.01620000,352.00000000,0.01907
1749266596,0.01616000,1857.00000000,0.01907
1749266596,0.01615000,42662.00000000,0.01907
1749266596,0.01611000,2450.00000000,0.01907
1749266596,0.01600000,7914.00000000,0.01907
1749266596,0.01580000,352.00000000,0.01907
1749266596,0.01578000,63000.00000000,0.01907
1749266596,0.01570000,362.00000000,0.01907
1749266898,0.01908000,72595.00000000,0.01909
1749266898,0.01907000,107414.00000000,0.01909
1749266898,0.01906000,361858.00000000,0.01909
1749266898,0.01905000,273690.00000000,0.01909
1749266898,0.01904000,92792.00000000,0.01909
1749266898,0.01903000,97895.00000000,0.01909
1749266898,0.01902000,49730.00000000,0.01909
1749266898,0.01901000,82344.00000000,0.01909
1749266898,0.01900000,37092.00000000,0.01909
1749266898,0.01899000,94974.00000000,0.01909
1749266898,0.01898000,7593.00000000,0.01909
1749266898,0.01897000,23412.00000000,0.01909
1749266898,0.01896000,30161.00000000,0.01909
1749266898,0.01895000,42363.00000000,0.01909
1749266898,0.01894000,25569.00000000,0.01909
1749266898,0.01893000,507994.00000000,0.01909
1749266898,0.01892000,4555.00000000,0.01909
1749266898,0.01891000,505323.00000000,0.01909
1749266898,0.01890000,32424.00000000,0.01909
1749266898,0.01889000,1209179.00000000,0.01909
1749266898,0.01888000,141380.00000000,0.01909
1749266898,0.01887000,1177919.00000000,0.01909
1749266898,0.01886000,39506.00000000,0.01909
1749266898,0.01885000,1045510.00000000,0.01909
1749266898,0.01884000,15819.00000000,0.01909
1749266898,0.01883000,1090593.00000000,0.01909
1749266898,0.01882000,28622.00000000,0.01909
1749266898,0.01880000,16171.00000000,0.01909
1749266898,0.01879000,213106.00000000,0.01909
1749266898,0.01878000,165921.00000000,0.01909
1749266898,0.01877000,12837.00000000,0.01909
1749266898,0.01876000,23130.00000000,0.01909
1749266898,0.01875000,274.00000000,0.01909
1749266898,0.01874000,27356.00000000,0.01909
1749266898,0.01872000,458.00000000,0.01909
1749266898,0.01869000,1071.00000000,0.01909
1749266898,0.01866000,274.00000000,0.01909
1749266898,0.01865000,187585.00000000,0.01909
1749266898,0.01864000,456.00000000,0.01909
1749266898,0.01860000,352.00000000,0.01909
1749266898,0.01858000,274.00000000,0.01909
1749266898,0.01854000,1195074.00000000,0.01909
1749266898,0.01852000,1221376.00000000,0.01909
1749266898,0.01850000,271.00000000,0.01909
1749266898,0.01849000,1100465.00000000,0.01909
1749266898,0.01848000,458.00000000,0.01909
1749266898,0.01846000,1204555.00000000,0.01909
1749266898,0.01843000,1209484.00000000,0.01909
1749266898,0.01842000,5428.00000000,0.01909
1749266898,0.01841000,736.00000000,0.01909
1749266898,0.01840000,1111796.00000000,0.01909
1749266898,0.01833000,11075.00000000,0.01909
1749266898,0.01830000,5929.00000000,0.01909
1749266898,0.01829000,24724.00000000,0.01909
1749266898,0.01825000,3479.00000000,0.01909
1749266898,0.01824000,458.00000000,0.01909
1749266898,0.01820000,352.00000000,0.01909
1749266898,0.01815000,1550.00000000,0.01909
1749266898,0.01814000,1674.00000000,0.01909
1749266898,0.01813000,3312.00000000,0.01909
1749266898,0.01812000,331.00000000,0.01909
1749266898,0.01800000,2644.00000000,0.01909
1749266898,0.01790000,300.00000000,0.01909
1749266898,0.01782000,5050.00000000,0.01909
1749266898,0.01780000,8031.00000000,0.01909
1749266898,0.01773000,2090.00000000,0.01909
1749266898,0.01760000,352.00000000,0.01909
1749266898,0.01758000,5551.00000000,0.01909
1749266898,0.01757000,3415.00000000,0.01909
1749266898,0.01750000,6000.00000000,0.01909
1749266898,0.01747000,572.00000000,0.01909
1749266898,0.01745000,1464.00000000,0.01909
1749266898,0.01740000,714.00000000,0.01909
1749266898,0.01739000,28331.00000000,0.01909
1749266898,0.01737000,30980.00000000,0.01909
1749266898,0.01733000,5500.00000000,0.01909
1749266898,0.01730000,6240.00000000,0.01909
1749266898,0.01720000,352.00000000,0.01909
1749266898,0.01717000,1272.00000000,0.01909
1749266898,0.01716000,877.00000000,0.01909
1749266898,0.01700000,7737.00000000,0.01909
1749266898,0.01699000,3441.00000000,0.01909
1749266898,0.01698000,5300.00000000,0.01909
1749266898,0.01688000,5924.00000000,0.01909
1749266898,0.01681000,1000.00000000,0.01909
1749266898,0.01680000,6304.00000000,0.01909
1749266898,0.01660000,352.00000000,0.01909
1749266898,0.01658000,120024.00000000,0.01909
1749266898,0.01640000,352.00000000,0.01909
1749266898,0.01632000,3063.00000000,0.01909
1749266898,0.01622000,39480.00000000,0.01909
1749266898,0.01620000,352.00000000,0.01909
1749266898,0.01616000,1857.00000000,0.01909
1749266898,0.01615000,42662.00000000,0.01909
1749266898,0.01611000,2450.00000000,0.01909
1749266898,0.01600000,7914.00000000,0.01909
1749266898,0.01580000,352.00000000,0.01909
1749266898,0.01578000,63000.00000000,0.01909
1749266898,0.01570000,362.00000000,0.01909
1749266898,0.01560000,352.00000000,0.01909
1749267200,0.01908000,82915.00000000,0.01909
1749267200,0.01907000,182988.00000000,0.01909
1749267200,0.01906000,248055.00000000,0.01909
1749267200,0.01905000,293304.00000000,0.01909
1749267200,0.01904000,52774.00000000,0.01909
1749267200,0.01903000,47634.00000000,0.01909
1749267200,0.01902000,49730.00000000,0.01909
1749267200,0.01901000,106715.00000000,0.01909
1749267200,0.01900000,25092.00000000,0.01909
1749267200,0.01899000,83248.00000000,0.01909
1749267200,0.01898000,7593.00000000,0.01909
1749267200,0.01897000,23412.00000000,0.01909
1749267200,0.01896000,30161.00000000,0.01909
1749267200,0.01895000,51859.00000000,0.01909
1749267200,0.01894000,78730.00000000,0.01909
1749267200,0.01893000,450795.00000000,0.01909
1749267200,0.01892000,3041.00000000,0.01909
1749267200,0.01891000,505323.00000000,0.01909
1749267200,0.01890000,63561.00000000,0.01909
1749267200,0.01889000,1209179.00000000,0.01909
1749267200,0.01888000,141380.00000000,0.01909
1749267200,0.01887000,1177919.00000000,0.01909
1749267200,0.01886000,39506.00000000,0.01909
1749267200,0.01885000,1045510.00000000,0.01909
1749267200,0.01884000,15819.00000000,0.01909
1749267200,0.01883000,1090593.00000000,0.01909
1749267200,0.01882000,28622.00000000,0.01909
1749267200,0.01880000,16171.00000000,0.01909
1749267200,0.01879000,213106.00000000,0.01909
1749267200,0.01878000,165921.00000000,0.01909
1749267200,0.01877000,12837.00000000,0.01909
1749267200,0.01876000,23130.00000000,0.01909
1749267200,0.01875000,274.00000000,0.01909
1749267200,0.01872000,458.00000000,0.01909
1749267200,0.01869000,1071.00000000,0.01909
1749267200,0.01866000,274.00000000,0.01909
1749267200,0.01865000,187585.00000000,0.01909
1749267200,0.01864000,456.00000000,0.01909
1749267200,0.01860000,352.00000000,0.01909
1749267200,0.01858000,274.00000000,0.01909
1749267200,0.01854000,1195074.00000000,0.01909
1749267200,0.01852000,1221376.00000000,0.01909
1749267200,0.01850000,271.00000000,0.01909
1749267200,0.01849000,1100465.00000000,0.01909
1749267200,0.01848000,458.00000000,0.01909
1749267200,0.01846000,1204555.00000000,0.01909
1749267200,0.01843000,1209484.00000000,0.01909
1749267200,0.01842000,5428.00000000,0.01909
1749267200,0.01841000,736.00000000,0.01909
1749267200,0.01840000,1111796.00000000,0.01909
1749267200,0.01833000,11075.00000000,0.01909
1749267200,0.01830000,5929.00000000,0.01909
1749267200,0.01829000,24724.00000000,0.01909
1749267200,0.01825000,3479.00000000,0.01909
1749267200,0.01824000,458.00000000,0.01909
1749267200,0.01820000,352.00000000,0.01909
1749267200,0.01815000,1550.00000000,0.01909
1749267200,0.01814000,1674.00000000,0.01909
1749267200,0.01813000,3312.00000000,0.01909
1749267200,0.01812000,331.00000000,0.01909
1749267200,0.01800000,2644.00000000,0.01909
1749267200,0.01790000,300.00000000,0.01909
1749267200,0.01782000,5050.00000000,0.01909
1749267200,0.01780000,8031.00000000,0.01909
1749267200,0.01773000,2090.00000000,0.01909
1749267200,0.01760000,352.00000000,0.01909
1749267200,0.01758000,5551.00000000,0.01909
1749267200,0.01757000,3415.00000000,0.01909
1749267200,0.01750000,6000.00000000,0.01909
1749267200,0.01747000,572.00000000,0.01909
1749267200,0.01745000,1464.00000000,0.01909
1749267200,0.01740000,714.00000000,0.01909
1749267200,0.01739000,28331.00000000,0.01909
1749267200,0.01737000,30980.00000000,0.01909
1749267200,0.01733000,5500.00000000,0.01909
1749267200,0.01730000,6240.00000000,0.01909
1749267200,0.01720000,352.00000000,0.01909
1749267200,0.01717000,1272.00000000,0.01909
1749267200,0.01716000,877.00000000,0.01909
1749267200,0.01700000,7737.00000000,0.01909
1749267200,0.01699000,3441.00000000,0.01909
1749267200,0.01698000,5300.00000000,0.01909
1749267200,0.01688000,5924.00000000,0.01909
1749267200,0.01681000,1000.00000000,0.01909
1749267200,0.01680000,6304.00000000,0.01909
1749267200,0.01660000,352.00000000,0.01909
1749267200,0.01658000,120024.00000000,0.01909
1749267200,0.01640000,352.00000000,0.01909
1749267200,0.01632000,3063.00000000,0.01909
1749267200,0.01622000,39480.00000000,0.01909
1749267200,0.01620000,352.00000000,0.01909
1749267200,0.01616000,1857.00000000,0.01909
1749267200,0.01615000,42662.00000000,0.01909
1749267200,0.01611000,2450.00000000,0.01909
1749267200,0.01600000,7914.00000000,0.01909
1749267200,0.01580000,352.00000000,0.01909
1749267200,0.01578000,63000.00000000,0.01909
1749267200,0.01570000,362.00000000,0.01909
1749267200,0.01560000,352.00000000,0.01909
