timestamp,price,volume,current_price
1749260792,0.62100000,270.00000000,0.621
1749260792,0.62090000,470.00000000,0.621
1749260792,0.62080000,811.00000000,0.621
1749260792,0.62070000,1136.00000000,0.621
1749260792,0.62060000,483.00000000,0.621
1749260792,0.62050000,718.00000000,0.621
1749260792,0.62040000,1102.00000000,0.621
1749260792,0.62030000,3158.00000000,0.621
1749260792,0.62020000,3903.00000000,0.621
1749260792,0.62010000,1917.00000000,0.621
1749260792,0.62000000,2407.00000000,0.621
1749260792,0.61990000,1465.00000000,0.621
1749260792,0.61980000,849.00000000,0.621
1749260792,0.61970000,3617.00000000,0.621
1749260792,0.61960000,4442.00000000,0.621
1749260792,0.61950000,3584.00000000,0.621
1749260792,0.61940000,483.00000000,0.621
1749260792,0.61930000,400.00000000,0.621
1749260792,0.61920000,2025.00000000,0.621
1749260792,0.61910000,2338.00000000,0.621
1749260792,0.61890000,387.00000000,0.621
1749260792,0.61880000,4676.00000000,0.621
1749260792,0.61860000,387.00000000,0.621
1749260792,0.61850000,400.00000000,0.621
1749260792,0.61840000,387.00000000,0.621
1749260792,0.61830000,7094.00000000,0.621
1749260792,0.61820000,1178.00000000,0.621
1749260792,0.61810000,764.00000000,0.621
1749260792,0.61800000,387.00000000,0.621
1749260792,0.61790000,9033.00000000,0.621
1749260792,0.61780000,708.00000000,0.621
1749260792,0.61770000,997.00000000,0.621
1749260792,0.61760000,1628.00000000,0.621
1749260792,0.61750000,997.00000000,0.621
1749260792,0.61740000,746.00000000,0.621
1749260792,0.61730000,1010.00000000,0.621
1749260792,0.61720000,610.00000000,0.621
1749260792,0.61710000,11105.00000000,0.621
1749260792,0.61700000,13.00000000,0.621
1749260792,0.61690000,610.00000000,0.621
1749260792,0.61670000,13.00000000,0.621
1749260792,0.61640000,13.00000000,0.621
1749260792,0.61610000,13.00000000,0.621
1749260792,0.61590000,1256.00000000,0.621
1749260792,0.61580000,13.00000000,0.621
1749260792,0.61550000,13.00000000,0.621
1749260792,0.61520000,8681.00000000,0.621
1749260792,0.61500000,11.00000000,0.621
1749260792,0.61490000,13.00000000,0.621
1749260792,0.61470000,918.00000000,0.621
1749260792,0.61460000,2290.00000000,0.621
1749260792,0.61450000,20.00000000,0.621
1749260792,0.61430000,13.00000000,0.621
1749260792,0.61410000,1991.00000000,0.621
1749260792,0.61400000,973.00000000,0.621
1749260792,0.61380000,913.00000000,0.621
1749260792,0.61370000,13.00000000,0.621
1749260792,0.61360000,16.00000000,0.621
1749260792,0.61340000,13.00000000,0.621
1749260792,0.61310000,222.00000000,0.621
1749260792,0.61300000,886.00000000,0.621
1749260792,0.61290000,854.00000000,0.621
1749260792,0.61280000,13.00000000,0.621
1749260792,0.61250000,13.00000000,0.621
1749260792,0.61210000,5358.00000000,0.621
1749260792,0.61190000,890.00000000,0.621
1749260792,0.61180000,1006.00000000,0.621
1749260792,0.61150000,1118.00000000,0.621
1749260792,0.61100000,231.00000000,0.621
1749260792,0.61080000,901.00000000,0.621
1749260792,0.61040000,1621.00000000,0.621
1749260792,0.60980000,16.00000000,0.621
1749260792,0.60960000,926.00000000,0.621
1749260792,0.60920000,927.00000000,0.621
1749260792,0.60830000,4173.00000000,0.621
1749260792,0.60770000,115.00000000,0.621
1749260792,0.60750000,2162.00000000,0.621
1749260792,0.60680000,9.00000000,0.621
1749260792,0.60650000,146.00000000,0.621
1749260792,0.60600000,16.00000000,0.621
1749260792,0.60530000,20.00000000,0.621
1749260792,0.60500000,11.00000000,0.621
1749260792,0.60280000,2194.00000000,0.621
1749260792,0.60220000,16.00000000,0.621
1749260792,0.60200000,231.00000000,0.621
1749260792,0.60180000,232.00000000,0.621
1749260792,0.60110000,18.00000000,0.621
1749260792,0.60080000,329.00000000,0.621
1749260792,0.60070000,10.00000000,0.621
1749260792,0.60000000,1156.00000000,0.621
1749260792,0.59990000,10.00000000,0.621
1749260792,0.59840000,16.00000000,0.621
1749260792,0.59820000,1065.00000000,0.621
1749260792,0.59800000,836.00000000,0.621
1749260792,0.59750000,41.00000000,0.621
1749260792,0.59500000,26.00000000,0.621
1749260792,0.59460000,16.00000000,0.621
1749260792,0.59370000,9.00000000,0.621
1749260792,0.59310000,233.00000000,0.621
1749260792,0.59300000,101.00000000,0.621
1749261113,0.62220000,70.00000000,0.6225
1749261113,0.62210000,296.00000000,0.6225
1749261113,0.62200000,1128.00000000,0.6225
1749261113,0.62190000,2194.00000000,0.6225
1749261113,0.62180000,2595.00000000,0.6225
1749261113,0.62170000,2983.00000000,0.6225
1749261113,0.62160000,1997.00000000,0.6225
1749261113,0.62150000,483.00000000,0.6225
1749261113,0.62140000,4784.00000000,0.6225
1749261113,0.62130000,2029.00000000,0.6225
1749261113,0.62120000,2318.00000000,0.6225
1749261113,0.62110000,1971.00000000,0.6225
1749261113,0.62100000,400.00000000,0.6225
1749261113,0.62090000,4470.00000000,0.6225
1749261113,0.62080000,2034.00000000,0.6225
1749261113,0.62070000,1944.00000000,0.6225
1749261113,0.62060000,413.00000000,0.6225
1749261113,0.62050000,4147.00000000,0.6225
1749261113,0.62040000,5022.00000000,0.6225
1749261113,0.62030000,400.00000000,0.6225
1749261113,0.62020000,1700.00000000,0.6225
1749261113,0.62010000,387.00000000,0.6225
1749261113,0.62000000,400.00000000,0.6225
1749261113,0.61980000,387.00000000,0.6225
1749261113,0.61970000,400.00000000,0.6225
1749261113,0.61960000,7094.00000000,0.6225
1749261113,0.61950000,1289.00000000,0.6225
1749261113,0.61940000,400.00000000,0.6225
1749261113,0.61920000,387.00000000,0.6225
1749261113,0.61910000,400.00000000,0.6225
1749261113,0.61900000,609.00000000,0.6225
1749261113,0.61890000,387.00000000,0.6225
1749261113,0.61880000,8646.00000000,0.6225
1749261113,0.61870000,387.00000000,0.6225
1749261113,0.61860000,609.00000000,0.6225
1749261113,0.61850000,400.00000000,0.6225
1749261113,0.61840000,387.00000000,0.6225
1749261113,0.61830000,11105.00000000,0.6225
1749261113,0.61820000,400.00000000,0.6225
1749261113,0.61790000,13.00000000,0.6225
1749261113,0.61760000,13.00000000,0.6225
1749261113,0.61750000,996.00000000,0.6225
1749261113,0.61740000,1012.00000000,0.6225
1749261113,0.61730000,13.00000000,0.6225
1749261113,0.61700000,928.00000000,0.6225
1749261113,0.61680000,2237.00000000,0.6225
1749261113,0.61670000,13.00000000,0.6225
1749261113,0.61640000,13.00000000,0.6225
1749261113,0.61610000,877.00000000,0.6225
1749261113,0.61590000,1256.00000000,0.6225
1749261113,0.61580000,13.00000000,0.6225
1749261113,0.61550000,13.00000000,0.6225
1749261113,0.61540000,866.00000000,0.6225
1749261113,0.61530000,1987.00000000,0.6225
1749261113,0.61520000,8667.00000000,0.6225
1749261113,0.61500000,11.00000000,0.6225
1749261113,0.61490000,13.00000000,0.6225
1749261113,0.61460000,896.00000000,0.6225
1749261113,0.61450000,20.00000000,0.6225
1749261113,0.61440000,209.00000000,0.6225
1749261113,0.61430000,13.00000000,0.6225
1749261113,0.61400000,13.00000000,0.6225
1749261113,0.61380000,45.00000000,0.6225
1749261113,0.61370000,13.00000000,0.6225
1749261113,0.61360000,16.00000000,0.6225
1749261113,0.61350000,1613.00000000,0.6225
1749261113,0.61340000,1017.00000000,0.6225
1749261113,0.61310000,13.00000000,0.6225
1749261113,0.61280000,13.00000000,0.6225
1749261113,0.61250000,13.00000000,0.6225
1749261113,0.61240000,1118.00000000,0.6225
1749261113,0.61210000,5358.00000000,0.6225
1749261113,0.61160000,923.00000000,0.6225
1749261113,0.61110000,924.00000000,0.6225
1749261113,0.61100000,231.00000000,0.6225
1749261113,0.61050000,4172.00000000,0.6225
1749261113,0.60980000,16.00000000,0.6225
1749261113,0.60770000,115.00000000,0.6225
1749261113,0.60750000,2162.00000000,0.6225
1749261113,0.60680000,9.00000000,0.6225
1749261113,0.60650000,146.00000000,0.6225
1749261113,0.60600000,16.00000000,0.6225
1749261113,0.60530000,20.00000000,0.6225
1749261113,0.60500000,11.00000000,0.6225
1749261113,0.60300000,331.00000000,0.6225
1749261113,0.60280000,2194.00000000,0.6225
1749261113,0.60220000,16.00000000,0.6225
1749261113,0.60200000,231.00000000,0.6225
1749261113,0.60180000,232.00000000,0.6225
1749261113,0.60110000,18.00000000,0.6225
1749261113,0.60070000,10.00000000,0.6225
1749261113,0.60000000,1156.00000000,0.6225
1749261113,0.59990000,10.00000000,0.6225
1749261113,0.59840000,16.00000000,0.6225
1749261113,0.59820000,1065.00000000,0.6225
1749261113,0.59800000,836.00000000,0.6225
1749261113,0.59780000,1700.00000000,0.6225
1749261113,0.59750000,41.00000000,0.6225
1749261113,0.59500000,26.00000000,0.6225
1749261113,0.59460000,16.00000000,0.6225
1749261431,0.62210000,68.00000000,0.6214
1749261431,0.62200000,268.00000000,0.6214
1749261431,0.62190000,1147.00000000,0.6214
1749261431,0.62180000,2527.00000000,0.6214
1749261431,0.62170000,467.00000000,0.6214
1749261431,0.62160000,467.00000000,0.6214
1749261431,0.62150000,3640.00000000,0.6214
1749261431,0.62140000,450.00000000,0.6214
1749261431,0.62130000,4560.00000000,0.6214
1749261431,0.62120000,1576.00000000,0.6214
1749261431,0.62110000,2155.00000000,0.6214
1749261431,0.62100000,467.00000000,0.6214
1749261431,0.62090000,2101.00000000,0.6214
1749261431,0.62080000,3900.00000000,0.6214
1749261431,0.62070000,1974.00000000,0.6214
1749261431,0.62060000,1987.00000000,0.6214
1749261431,0.62050000,6251.00000000,0.6214
1749261431,0.62040000,520.00000000,0.6214
1749261431,0.62030000,2633.00000000,0.6214
1749261431,0.62020000,2315.00000000,0.6214
1749261431,0.62010000,387.00000000,0.6214
1749261431,0.62000000,400.00000000,0.6214
1749261431,0.61990000,387.00000000,0.6214
1749261431,0.61980000,7094.00000000,0.6214
1749261431,0.61970000,400.00000000,0.6214
1749261431,0.61950000,1303.00000000,0.6214
1749261431,0.61940000,400.00000000,0.6214
1749261431,0.61920000,387.00000000,0.6214
1749261431,0.61910000,400.00000000,0.6214
1749261431,0.61900000,9020.00000000,0.6214
1749261431,0.61890000,387.00000000,0.6214
1749261431,0.61880000,1009.00000000,0.6214
1749261431,0.61870000,708.00000000,0.6214
1749261431,0.61860000,995.00000000,0.6214
1749261431,0.61850000,13.00000000,0.6214
1749261431,0.61840000,995.00000000,0.6214
1749261431,0.61830000,11447.00000000,0.6214
1749261431,0.61820000,400.00000000,0.6214
1749261431,0.61790000,13.00000000,0.6214
1749261431,0.61760000,13.00000000,0.6214
1749261431,0.61740000,16.00000000,0.6214
1749261431,0.61730000,13.00000000,0.6214
1749261431,0.61720000,8654.00000000,0.6214
1749261431,0.61710000,387.00000000,0.6214
1749261431,0.61700000,13.00000000,0.6214
1749261431,0.61680000,2290.00000000,0.6214
1749261431,0.61670000,13.00000000,0.6214
1749261431,0.61640000,13.00000000,0.6214
1749261431,0.61610000,27.00000000,0.6214
1749261431,0.61590000,1256.00000000,0.6214
1749261431,0.61580000,1999.00000000,0.6214
1749261431,0.61570000,917.00000000,0.6214
1749261431,0.61550000,13.00000000,0.6214
1749261431,0.61540000,866.00000000,0.6214
1749261431,0.61520000,13.00000000,0.6214
1749261431,0.61500000,56.00000000,0.6214
1749261431,0.61490000,13.00000000,0.6214
1749261431,0.61460000,896.00000000,0.6214
1749261431,0.61450000,20.00000000,0.6214
1749261431,0.61440000,1061.00000000,0.6214
1749261431,0.61430000,13.00000000,0.6214
1749261431,0.61400000,13.00000000,0.6214
1749261431,0.61370000,13.00000000,0.6214
1749261431,0.61360000,16.00000000,0.6214
1749261431,0.61340000,1017.00000000,0.6214
1749261431,0.61310000,13.00000000,0.6214
1749261431,0.61280000,13.00000000,0.6214
1749261431,0.61250000,1130.00000000,0.6214
1749261431,0.61230000,922.00000000,0.6214
1749261431,0.61210000,5358.00000000,0.6214
1749261431,0.61190000,1617.00000000,0.6214
1749261431,0.61100000,231.00000000,0.6214
1749261431,0.61050000,4172.00000000,0.6214
1749261431,0.60980000,942.00000000,0.6214
1749261431,0.60770000,115.00000000,0.6214
1749261431,0.60750000,2162.00000000,0.6214
1749261431,0.60680000,9.00000000,0.6214
1749261431,0.60650000,146.00000000,0.6214
1749261431,0.60600000,16.00000000,0.6214
1749261431,0.60530000,20.00000000,0.6214
1749261431,0.60500000,11.00000000,0.6214
1749261431,0.60300000,331.00000000,0.6214
1749261431,0.60280000,2194.00000000,0.6214
1749261431,0.60220000,16.00000000,0.6214
1749261431,0.60200000,231.00000000,0.6214
1749261431,0.60180000,232.00000000,0.6214
1749261431,0.60110000,18.00000000,0.6214
1749261431,0.60070000,10.00000000,0.6214
1749261431,0.60000000,1156.00000000,0.6214
1749261431,0.59990000,10.00000000,0.6214
1749261431,0.59840000,16.00000000,0.6214
1749261431,0.59820000,1065.00000000,0.6214
1749261431,0.59800000,836.00000000,0.6214
1749261431,0.59750000,41.00000000,0.6214
1749261431,0.59500000,26.00000000,0.6214
1749261431,0.59460000,16.00000000,0.6214
1749261431,0.59370000,9.00000000,0.6214
1749261431,0.59310000,233.00000000,0.6214
1749261431,0.59300000,101.00000000,0.6214
1749261431,0.59290000,841.00000000,0.6214
1749261742,0.62200000,266.00000000,0.622
1749261742,0.62190000,66.00000000,0.622
1749261742,0.62180000,3148.00000000,0.622
1749261742,0.62170000,2706.00000000,0.622
1749261742,0.62160000,3022.00000000,0.622
1749261742,0.62150000,2141.00000000,0.622
1749261742,0.62140000,4170.00000000,0.622
1749261742,0.62130000,466.00000000,0.622
1749261742,0.62120000,6352.00000000,0.622
1749261742,0.62110000,3011.00000000,0.622
1749261742,0.62100000,467.00000000,0.622
1749261742,0.62090000,1948.00000000,0.622
1749261742,0.62080000,3517.00000000,0.622
1749261742,0.62070000,1935.00000000,0.622
1749261742,0.62060000,1948.00000000,0.622
1749261742,0.62050000,400.00000000,0.622
1749261742,0.62040000,2214.00000000,0.622
1749261742,0.62030000,2646.00000000,0.622
1749261742,0.62020000,4289.00000000,0.622
1749261742,0.62010000,2049.00000000,0.622
1749261742,0.62000000,400.00000000,0.622
1749261742,0.61990000,7094.00000000,0.622
1749261742,0.61980000,387.00000000,0.622
1749261742,0.61970000,400.00000000,0.622
1749261742,0.61960000,1926.00000000,0.622
1749261742,0.61950000,387.00000000,0.622
1749261742,0.61940000,400.00000000,0.622
1749261742,0.61920000,387.00000000,0.622
1749261742,0.61910000,400.00000000,0.622
1749261742,0.61900000,9020.00000000,0.622
1749261742,0.61890000,1671.00000000,0.622
1749261742,0.61880000,1009.00000000,0.622
1749261742,0.61870000,708.00000000,0.622
1749261742,0.61860000,387.00000000,0.622
1749261742,0.61850000,1009.00000000,0.622
1749261742,0.61840000,387.00000000,0.622
1749261742,0.61830000,11783.00000000,0.622
1749261742,0.61820000,400.00000000,0.622
1749261742,0.61790000,13.00000000,0.622
1749261742,0.61760000,13.00000000,0.622
1749261742,0.61740000,16.00000000,0.622
1749261742,0.61730000,13.00000000,0.622
1749261742,0.61720000,9263.00000000,0.622
1749261742,0.61710000,387.00000000,0.622
1749261742,0.61700000,400.00000000,0.622
1749261742,0.61690000,996.00000000,0.622
1749261742,0.61670000,13.00000000,0.622
1749261742,0.61640000,13.00000000,0.622
1749261742,0.61610000,27.00000000,0.622
1749261742,0.61590000,1256.00000000,0.622
1749261742,0.61580000,13.00000000,0.622
1749261742,0.61570000,2235.00000000,0.622
1749261742,0.61560000,917.00000000,0.622
1749261742,0.61550000,13.00000000,0.622
1749261742,0.61540000,866.00000000,0.622
1749261742,0.61520000,13.00000000,0.622
1749261742,0.61500000,56.00000000,0.622
1749261742,0.61490000,13.00000000,0.622
1749261742,0.61470000,1989.00000000,0.622
1749261742,0.61460000,896.00000000,0.622
1749261742,0.61450000,20.00000000,0.622
1749261742,0.61440000,1061.00000000,0.622
1749261742,0.61430000,13.00000000,0.622
1749261742,0.61400000,13.00000000,0.622
1749261742,0.61370000,13.00000000,0.622
1749261742,0.61360000,1131.00000000,0.622
1749261742,0.61340000,1017.00000000,0.622
1749261742,0.61310000,13.00000000,0.622
1749261742,0.61280000,13.00000000,0.622
1749261742,0.61250000,13.00000000,0.622
1749261742,0.61210000,5358.00000000,0.622
1749261742,0.61190000,1617.00000000,0.622
1749261742,0.61100000,231.00000000,0.622
1749261742,0.61080000,924.00000000,0.622
1749261742,0.61050000,4172.00000000,0.622
1749261742,0.60980000,942.00000000,0.622
1749261742,0.60770000,115.00000000,0.622
1749261742,0.60750000,2162.00000000,0.622
1749261742,0.60680000,9.00000000,0.622
1749261742,0.60650000,146.00000000,0.622
1749261742,0.60600000,16.00000000,0.622
1749261742,0.60530000,20.00000000,0.622
1749261742,0.60500000,11.00000000,0.622
1749261742,0.60300000,331.00000000,0.622
1749261742,0.60280000,2194.00000000,0.622
1749261742,0.60220000,16.00000000,0.622
1749261742,0.60200000,231.00000000,0.622
1749261742,0.60180000,232.00000000,0.622
1749261742,0.60110000,18.00000000,0.622
1749261742,0.60070000,10.00000000,0.622
1749261742,0.60000000,1156.00000000,0.622
1749261742,0.59990000,10.00000000,0.622
1749261742,0.59840000,16.00000000,0.622
1749261742,0.59820000,1065.00000000,0.622
1749261742,0.59800000,836.00000000,0.622
1749261742,0.59750000,41.00000000,0.622
1749261742,0.59500000,26.00000000,0.622
1749261742,0.59460000,16.00000000,0.622
1749261742,0.59370000,9.00000000,0.622
1749261742,0.59310000,233.00000000,0.622
1749262049,0.62200000,66.00000000,0.6218
1749262049,0.62190000,66.00000000,0.6218
1749262049,0.62180000,1509.00000000,0.6218
1749262049,0.62170000,2619.00000000,0.6218
1749262049,0.62160000,466.00000000,0.6218
1749262049,0.62150000,5791.00000000,0.6218
1749262049,0.62140000,466.00000000,0.6218
1749262049,0.62130000,466.00000000,0.6218
1749262049,0.62120000,603.00000000,0.6218
1749262049,0.62110000,466.00000000,0.6218
1749262049,0.62100000,5951.00000000,0.6218
1749262049,0.62090000,4530.00000000,0.6218
1749262049,0.62080000,2931.00000000,0.6218
1749262049,0.62070000,3658.00000000,0.6218
1749262049,0.62060000,1916.00000000,0.6218
1749262049,0.62050000,2382.00000000,0.6218
1749262049,0.62040000,5359.00000000,0.6218
1749262049,0.62030000,413.00000000,0.6218
1749262049,0.62020000,2022.00000000,0.6218
1749262049,0.62010000,400.00000000,0.6218
1749262049,0.62000000,400.00000000,0.6218
1749262049,0.61990000,6896.00000000,0.6218
1749262049,0.61980000,387.00000000,0.6218
1749262049,0.61970000,400.00000000,0.6218
1749262049,0.61960000,612.00000000,0.6218
1749262049,0.61950000,387.00000000,0.6218
1749262049,0.61940000,400.00000000,0.6218
1749262049,0.61930000,6707.00000000,0.6218
1749262049,0.61920000,387.00000000,0.6218
1749262049,0.61910000,400.00000000,0.6218
1749262049,0.61900000,9020.00000000,0.6218
1749262049,0.61890000,1284.00000000,0.6218
1749262049,0.61880000,400.00000000,0.6218
1749262049,0.61870000,609.00000000,0.6218
1749262049,0.61860000,387.00000000,0.6218
1749262049,0.61850000,400.00000000,0.6218
1749262049,0.61840000,387.00000000,0.6218
1749262049,0.61830000,11762.00000000,0.6218
1749262049,0.61820000,400.00000000,0.6218
1749262049,0.61810000,997.00000000,0.6218
1749262049,0.61800000,996.00000000,0.6218
1749262049,0.61790000,13.00000000,0.6218
1749262049,0.61760000,13.00000000,0.6218
1749262049,0.61740000,16.00000000,0.6218
1749262049,0.61730000,13.00000000,0.6218
1749262049,0.61720000,9263.00000000,0.6218
1749262049,0.61700000,13.00000000,0.6218
1749262049,0.61690000,609.00000000,0.6218
1749262049,0.61670000,13.00000000,0.6218
1749262049,0.61640000,13.00000000,0.6218
1749262049,0.61610000,13.00000000,0.6218
1749262049,0.61590000,1256.00000000,0.6218
1749262049,0.61580000,13.00000000,0.6218
1749262049,0.61570000,2252.00000000,0.6218
1749262049,0.61560000,917.00000000,0.6218
1749262049,0.61550000,13.00000000,0.6218
1749262049,0.61520000,13.00000000,0.6218
1749262049,0.61510000,14.00000000,0.6218
1749262049,0.61500000,56.00000000,0.6218
1749262049,0.61490000,13.00000000,0.6218
1749262049,0.61460000,13.00000000,0.6218
1749262049,0.61450000,2010.00000000,0.6218
1749262049,0.61440000,1061.00000000,0.6218
1749262049,0.61430000,13.00000000,0.6218
1749262049,0.61400000,13.00000000,0.6218
1749262049,0.61370000,13.00000000,0.6218
1749262049,0.61360000,1131.00000000,0.6218
1749262049,0.61340000,13.00000000,0.6218
1749262049,0.61310000,13.00000000,0.6218
1749262049,0.61280000,13.00000000,0.6218
1749262049,0.61250000,1018.00000000,0.6218
1749262049,0.61210000,5358.00000000,0.6218
1749262049,0.61190000,1617.00000000,0.6218
1749262049,0.61100000,231.00000000,0.6218
1749262049,0.61050000,4172.00000000,0.6218
1749262049,0.60980000,942.00000000,0.6218
1749262049,0.60900000,927.00000000,0.6218
1749262049,0.60770000,115.00000000,0.6218
1749262049,0.60750000,2162.00000000,0.6218
1749262049,0.60680000,9.00000000,0.6218
1749262049,0.60650000,146.00000000,0.6218
1749262049,0.60600000,16.00000000,0.6218
1749262049,0.60530000,20.00000000,0.6218
1749262049,0.60500000,11.00000000,0.6218
1749262049,0.60300000,331.00000000,0.6218
1749262049,0.60280000,2194.00000000,0.6218
1749262049,0.60220000,16.00000000,0.6218
1749262049,0.60200000,231.00000000,0.6218
1749262049,0.60180000,232.00000000,0.6218
1749262049,0.60110000,18.00000000,0.6218
1749262049,0.60070000,10.00000000,0.6218
1749262049,0.60000000,1156.00000000,0.6218
1749262049,0.59990000,10.00000000,0.6218
1749262049,0.59840000,16.00000000,0.6218
1749262049,0.59820000,1065.00000000,0.6218
1749262049,0.59800000,836.00000000,0.6218
1749262049,0.59750000,41.00000000,0.6218
1749262049,0.59500000,26.00000000,0.6218
1749262049,0.59460000,16.00000000,0.6218
1749262049,0.59370000,9.00000000,0.6218
1749262350,0.62290000,200.00000000,0.6233
1749262350,0.62280000,66.00000000,0.6233
1749262350,0.62270000,466.00000000,0.6233
1749262350,0.62260000,2936.00000000,0.6233
1749262350,0.62250000,466.00000000,0.6233
1749262350,0.62240000,2628.00000000,0.6233
1749262350,0.62230000,400.00000000,0.6233
1749262350,0.62220000,1439.00000000,0.6233
1749262350,0.62210000,2579.00000000,0.6233
1749262350,0.62200000,1438.00000000,0.6233
1749262350,0.62190000,3665.00000000,0.6233
1749262350,0.62180000,2169.00000000,0.6233
1749262350,0.62170000,400.00000000,0.6233
1749262350,0.62160000,2222.00000000,0.6233
1749262350,0.62150000,2103.00000000,0.6233
1749262350,0.62140000,5947.00000000,0.6233
1749262350,0.62130000,5434.00000000,0.6233
1749262350,0.62120000,3780.00000000,0.6233
1749262350,0.62110000,1935.00000000,0.6233
1749262350,0.62100000,387.00000000,0.6233
1749262350,0.62090000,400.00000000,0.6233
1749262350,0.62080000,387.00000000,0.6233
1749262350,0.62070000,610.00000000,0.6233
1749262350,0.62060000,400.00000000,0.6233
1749262350,0.62050000,387.00000000,0.6233
1749262350,0.62040000,1206.00000000,0.6233
1749262350,0.62030000,4676.00000000,0.6233
1749262350,0.62020000,387.00000000,0.6233
1749262350,0.62010000,1299.00000000,0.6233
1749262350,0.62000000,7107.00000000,0.6233
1749262350,0.61980000,387.00000000,0.6233
1749262350,0.61970000,400.00000000,0.6233
1749262350,0.61960000,995.00000000,0.6233
1749262350,0.61950000,387.00000000,0.6233
1749262350,0.61940000,1008.00000000,0.6233
1749262350,0.61910000,1009.00000000,0.6233
1749262350,0.61900000,8633.00000000,0.6233
1749262350,0.61890000,387.00000000,0.6233
1749262350,0.61880000,13.00000000,0.6233
1749262350,0.61870000,996.00000000,0.6233
1749262350,0.61850000,621.00000000,0.6233
1749262350,0.61840000,608.00000000,0.6233
1749262350,0.61830000,11105.00000000,0.6233
1749262350,0.61820000,13.00000000,0.6233
1749262350,0.61790000,13.00000000,0.6233
1749262350,0.61760000,927.00000000,0.6233
1749262350,0.61740000,16.00000000,0.6233
1749262350,0.61730000,13.00000000,0.6233
1749262350,0.61720000,8654.00000000,0.6233
1749262350,0.61700000,13.00000000,0.6233
1749262350,0.61680000,2251.00000000,0.6233
1749262350,0.61670000,13.00000000,0.6233
1749262350,0.61640000,13.00000000,0.6233
1749262350,0.61610000,13.00000000,0.6233
1749262350,0.61600000,1985.00000000,0.6233
1749262350,0.61590000,1256.00000000,0.6233
1749262350,0.61580000,13.00000000,0.6233
1749262350,0.61550000,13.00000000,0.6233
1749262350,0.61520000,13.00000000,0.6233
1749262350,0.61510000,14.00000000,0.6233
1749262350,0.61500000,56.00000000,0.6233
1749262350,0.61490000,13.00000000,0.6233
1749262350,0.61470000,209.00000000,0.6233
1749262350,0.61460000,1127.00000000,0.6233
1749262350,0.61450000,20.00000000,0.6233
1749262350,0.61430000,13.00000000,0.6233
1749262350,0.61410000,1003.00000000,0.6233
1749262350,0.61400000,13.00000000,0.6233
1749262350,0.61370000,13.00000000,0.6233
1749262350,0.61360000,16.00000000,0.6233
1749262350,0.61350000,1613.00000000,0.6233
1749262350,0.61340000,13.00000000,0.6233
1749262350,0.61310000,13.00000000,0.6233
1749262350,0.61290000,921.00000000,0.6233
1749262350,0.61280000,13.00000000,0.6233
1749262350,0.61250000,13.00000000,0.6233
1749262350,0.61210000,5358.00000000,0.6233
1749262350,0.61100000,231.00000000,0.6233
1749262350,0.61050000,4172.00000000,0.6233
1749262350,0.60980000,942.00000000,0.6233
1749262350,0.60770000,115.00000000,0.6233
1749262350,0.60750000,2162.00000000,0.6233
1749262350,0.60680000,9.00000000,0.6233
1749262350,0.60650000,146.00000000,0.6233
1749262350,0.60600000,16.00000000,0.6233
1749262350,0.60530000,20.00000000,0.6233
1749262350,0.60500000,11.00000000,0.6233
1749262350,0.60300000,331.00000000,0.6233
1749262350,0.60280000,2194.00000000,0.6233
1749262350,0.60220000,16.00000000,0.6233
1749262350,0.60200000,231.00000000,0.6233
1749262350,0.60180000,232.00000000,0.6233
1749262350,0.60110000,18.00000000,0.6233
1749262350,0.60070000,10.00000000,0.6233
1749262350,0.60000000,1156.00000000,0.6233
1749262350,0.59990000,10.00000000,0.6233
1749262350,0.59840000,16.00000000,0.6233
1749262350,0.59820000,1065.00000000,0.6233
1749262350,0.59800000,836.00000000,0.6233
1749262350,0.59750000,41.00000000,0.6233
1749262652,0.62300000,66.00000000,0.6229
1749262652,0.62290000,280.00000000,0.6229
1749262652,0.62280000,400.00000000,0.6229
1749262652,0.62270000,1134.00000000,0.6229
1749262652,0.62260000,2615.00000000,0.6229
1749262652,0.62250000,2070.00000000,0.6229
1749262652,0.62240000,479.00000000,0.6229
1749262652,0.62230000,400.00000000,0.6229
1749262652,0.62220000,1470.00000000,0.6229
1749262652,0.62210000,479.00000000,0.6229
1749262652,0.62200000,2108.00000000,0.6229
1749262652,0.62190000,1905.00000000,0.6229
1749262652,0.62180000,6038.00000000,0.6229
1749262652,0.62170000,5137.00000000,0.6229
1749262652,0.62160000,530.00000000,0.6229
1749262652,0.62150000,1914.00000000,0.6229
1749262652,0.62140000,5217.00000000,0.6229
1749262652,0.62130000,2620.00000000,0.6229
1749262652,0.62120000,6411.00000000,0.6229
1749262652,0.62110000,2087.00000000,0.6229
1749262652,0.62100000,2425.00000000,0.6229
1749262652,0.62090000,400.00000000,0.6229
1749262652,0.62080000,387.00000000,0.6229
1749262652,0.62070000,7317.00000000,0.6229
1749262652,0.62060000,720.00000000,0.6229
1749262652,0.62050000,387.00000000,0.6229
1749262652,0.62040000,1206.00000000,0.6229
1749262652,0.62030000,400.00000000,0.6229
1749262652,0.62020000,387.00000000,0.6229
1749262652,0.62010000,729.00000000,0.6229
1749262652,0.62000000,400.00000000,0.6229
1749262652,0.61990000,8633.00000000,0.6229
1749262652,0.61980000,387.00000000,0.6229
1749262652,0.61970000,400.00000000,0.6229
1749262652,0.61960000,995.00000000,0.6229
1749262652,0.61950000,12332.00000000,0.6229
1749262652,0.61940000,1008.00000000,0.6229
1749262652,0.61910000,1009.00000000,0.6229
1749262652,0.61900000,994.00000000,0.6229
1749262652,0.61890000,1299.00000000,0.6229
1749262652,0.61880000,13.00000000,0.6229
1749262652,0.61850000,621.00000000,0.6229
1749262652,0.61820000,13.00000000,0.6229
1749262652,0.61790000,13.00000000,0.6229
1749262652,0.61760000,13.00000000,0.6229
1749262652,0.61740000,1269.00000000,0.6229
1749262652,0.61730000,13.00000000,0.6229
1749262652,0.61720000,8654.00000000,0.6229
1749262652,0.61700000,13.00000000,0.6229
1749262652,0.61680000,2251.00000000,0.6229
1749262652,0.61670000,13.00000000,0.6229
1749262652,0.61640000,13.00000000,0.6229
1749262652,0.61610000,2012.00000000,0.6229
1749262652,0.61600000,208.00000000,0.6229
1749262652,0.61590000,865.00000000,0.6229
1749262652,0.61580000,1125.00000000,0.6229
1749262652,0.61550000,13.00000000,0.6229
1749262652,0.61520000,13.00000000,0.6229
1749262652,0.61500000,56.00000000,0.6229
1749262652,0.61490000,13.00000000,0.6229
1749262652,0.61460000,13.00000000,0.6229
1749262652,0.61450000,20.00000000,0.6229
1749262652,0.61430000,13.00000000,0.6229
1749262652,0.61410000,1003.00000000,0.6229
1749262652,0.61400000,13.00000000,0.6229
1749262652,0.61370000,13.00000000,0.6229
1749262652,0.61360000,16.00000000,0.6229
1749262652,0.61350000,1613.00000000,0.6229
1749262652,0.61340000,13.00000000,0.6229
1749262652,0.61310000,13.00000000,0.6229
1749262652,0.61290000,921.00000000,0.6229
1749262652,0.61280000,13.00000000,0.6229
1749262652,0.61250000,13.00000000,0.6229
1749262652,0.61210000,5358.00000000,0.6229
1749262652,0.61120000,924.00000000,0.6229
1749262652,0.61100000,231.00000000,0.6229
1749262652,0.61050000,4172.00000000,0.6229
1749262652,0.60980000,16.00000000,0.6229
1749262652,0.60770000,115.00000000,0.6229
1749262652,0.60750000,2162.00000000,0.6229
1749262652,0.60680000,9.00000000,0.6229
1749262652,0.60650000,146.00000000,0.6229
1749262652,0.60600000,16.00000000,0.6229
1749262652,0.60530000,20.00000000,0.6229
1749262652,0.60500000,11.00000000,0.6229
1749262652,0.60300000,331.00000000,0.6229
1749262652,0.60280000,2194.00000000,0.6229
1749262652,0.60220000,16.00000000,0.6229
1749262652,0.60200000,231.00000000,0.6229
1749262652,0.60180000,232.00000000,0.6229
1749262652,0.60110000,18.00000000,0.6229
1749262652,0.60070000,10.00000000,0.6229
1749262652,0.60000000,1156.00000000,0.6229
1749262652,0.59990000,10.00000000,0.6229
1749262652,0.59840000,16.00000000,0.6229
1749262652,0.59820000,1065.00000000,0.6229
1749262652,0.59800000,836.00000000,0.6229
1749262652,0.59750000,41.00000000,0.6229
1749262652,0.59500000,26.00000000,0.6229
1749262652,0.59460000,16.00000000,0.6229
1749262954,0.62280000,66.00000000,0.6231
1749262954,0.62270000,92.00000000,0.6231
1749262954,0.62260000,864.00000000,0.6231
1749262954,0.62250000,2628.00000000,0.6231
1749262954,0.62240000,479.00000000,0.6231
1749262954,0.62230000,2029.00000000,0.6231
1749262954,0.62220000,1422.00000000,0.6231
1749262954,0.62210000,8055.00000000,0.6231
1749262954,0.62200000,3619.00000000,0.6231
1749262954,0.62190000,400.00000000,0.6231
1749262954,0.62180000,413.00000000,0.6231
1749262954,0.62170000,400.00000000,0.6231
1749262954,0.62160000,6131.00000000,0.6231
1749262954,0.62150000,5218.00000000,0.6231
1749262954,0.62140000,400.00000000,0.6231
1749262954,0.62130000,6307.00000000,0.6231
1749262954,0.62120000,525.00000000,0.6231
1749262954,0.62110000,5469.00000000,0.6231
1749262954,0.62100000,387.00000000,0.6231
1749262954,0.62090000,7095.00000000,0.6231
1749262954,0.62080000,616.00000000,0.6231
1749262954,0.62070000,763.00000000,0.6231
1749262954,0.62060000,400.00000000,0.6231
1749262954,0.62040000,387.00000000,0.6231
1749262954,0.62030000,720.00000000,0.6231
1749262954,0.62020000,387.00000000,0.6231
1749262954,0.62010000,1282.00000000,0.6231
1749262954,0.62000000,400.00000000,0.6231
1749262954,0.61990000,387.00000000,0.6231
1749262954,0.61980000,1337.00000000,0.6231
1749262954,0.61970000,9062.00000000,0.6231
1749262954,0.61960000,995.00000000,0.6231
1749262954,0.61950000,723.00000000,0.6231
1749262954,0.61940000,13.00000000,0.6231
1749262954,0.61910000,1009.00000000,0.6231
1749262954,0.61900000,11634.00000000,0.6231
1749262954,0.61890000,387.00000000,0.6231
1749262954,0.61880000,13.00000000,0.6231
1749262954,0.61850000,13.00000000,0.6231
1749262954,0.61830000,995.00000000,0.6231
1749262954,0.61820000,13.00000000,0.6231
1749262954,0.61790000,13.00000000,0.6231
1749262954,0.61760000,13.00000000,0.6231
1749262954,0.61740000,16.00000000,0.6231
1749262954,0.61730000,13.00000000,0.6231
1749262954,0.61720000,915.00000000,0.6231
1749262954,0.61710000,8449.00000000,0.6231
1749262954,0.61700000,13.00000000,0.6231
1749262954,0.61680000,2251.00000000,0.6231
1749262954,0.61670000,13.00000000,0.6231
1749262954,0.61640000,13.00000000,0.6231
1749262954,0.61610000,2011.00000000,0.6231
1749262954,0.61600000,208.00000000,0.6231
1749262954,0.61590000,865.00000000,0.6231
1749262954,0.61580000,13.00000000,0.6231
1749262954,0.61560000,1092.00000000,0.6231
1749262954,0.61550000,13.00000000,0.6231
1749262954,0.61520000,864.00000000,0.6231
1749262954,0.61500000,56.00000000,0.6231
1749262954,0.61490000,896.00000000,0.6231
1749262954,0.61460000,13.00000000,0.6231
1749262954,0.61450000,20.00000000,0.6231
1749262954,0.61430000,13.00000000,0.6231
1749262954,0.61410000,1003.00000000,0.6231
1749262954,0.61400000,5394.00000000,0.6231
1749262954,0.61370000,13.00000000,0.6231
1749262954,0.61360000,16.00000000,0.6231
1749262954,0.61350000,1613.00000000,0.6231
1749262954,0.61340000,13.00000000,0.6231
1749262954,0.61310000,13.00000000,0.6231
1749262954,0.61280000,13.00000000,0.6231
1749262954,0.61250000,13.00000000,0.6231
1749262954,0.61210000,922.00000000,0.6231
1749262954,0.61120000,924.00000000,0.6231
1749262954,0.61100000,231.00000000,0.6231
1749262954,0.61050000,4172.00000000,0.6231
1749262954,0.60980000,16.00000000,0.6231
1749262954,0.60930000,2183.00000000,0.6231
1749262954,0.60770000,115.00000000,0.6231
1749262954,0.60680000,9.00000000,0.6231
1749262954,0.60650000,146.00000000,0.6231
1749262954,0.60600000,16.00000000,0.6231
1749262954,0.60530000,20.00000000,0.6231
1749262954,0.60500000,11.00000000,0.6231
1749262954,0.60470000,2206.00000000,0.6231
1749262954,0.60300000,331.00000000,0.6231
1749262954,0.60220000,16.00000000,0.6231
1749262954,0.60200000,231.00000000,0.6231
1749262954,0.60180000,232.00000000,0.6231
1749262954,0.60110000,18.00000000,0.6231
1749262954,0.60070000,102.00000000,0.6231
1749262954,0.60000000,2238.00000000,0.6231
1749262954,0.59990000,10.00000000,0.6231
1749262954,0.59840000,16.00000000,0.6231
1749262954,0.59800000,836.00000000,0.6231
1749262954,0.59750000,41.00000000,0.6231
1749262954,0.59500000,26.00000000,0.6231
1749262954,0.59460000,16.00000000,0.6231
1749262954,0.59370000,9.00000000,0.6231
1749262954,0.59310000,233.00000000,0.6231
1749263261,0.62390000,177.00000000,0.6241
1749263261,0.62380000,607.00000000,0.6241
1749263261,0.62370000,81.00000000,0.6241
1749263261,0.62360000,479.00000000,0.6241
1749263261,0.62350000,868.00000000,0.6241
1749263261,0.62340000,466.00000000,0.6241
1749263261,0.62330000,881.00000000,0.6241
1749263261,0.62320000,5626.00000000,0.6241
1749263261,0.62310000,2054.00000000,0.6241
1749263261,0.62300000,413.00000000,0.6241
1749263261,0.62290000,3710.00000000,0.6241
1749263261,0.62280000,2126.00000000,0.6241
1749263261,0.62270000,1377.00000000,0.6241
1749263261,0.62260000,3312.00000000,0.6241
1749263261,0.62250000,387.00000000,0.6241
1749263261,0.62240000,2136.00000000,0.6241
1749263261,0.62230000,5409.00000000,0.6241
1749263261,0.62220000,4619.00000000,0.6241
1749263261,0.62210000,5313.00000000,0.6241
1749263261,0.62200000,225.00000000,0.6241
1749263261,0.62190000,387.00000000,0.6241
1749263261,0.62180000,400.00000000,0.6241
1749263261,0.62160000,7082.00000000,0.6241
1749263261,0.62150000,9062.00000000,0.6241
1749263261,0.62140000,387.00000000,0.6241
1749263261,0.62130000,1302.00000000,0.6241
1749263261,0.62120000,416.00000000,0.6241
1749263261,0.62110000,320.00000000,0.6241
1749263261,0.62100000,387.00000000,0.6241
1749263261,0.62090000,400.00000000,0.6241
1749263261,0.62080000,994.00000000,0.6241
1749263261,0.62070000,387.00000000,0.6241
1749263261,0.62060000,400.00000000,0.6241
1749263261,0.62050000,607.00000000,0.6241
1749263261,0.62040000,387.00000000,0.6241
1749263261,0.62030000,13.00000000,0.6241
1749263261,0.62020000,12022.00000000,0.6241
1749263261,0.62000000,13.00000000,0.6241
1749263261,0.61970000,13.00000000,0.6241
1749263261,0.61950000,994.00000000,0.6241
1749263261,0.61940000,1007.00000000,0.6241
1749263261,0.61910000,13.00000000,0.6241
1749263261,0.61880000,925.00000000,0.6241
1749263261,0.61850000,13.00000000,0.6241
1749263261,0.61820000,13.00000000,0.6241
1749263261,0.61800000,2241.00000000,0.6241
1749263261,0.61790000,13.00000000,0.6241
1749263261,0.61760000,13.00000000,0.6241
1749263261,0.61740000,16.00000000,0.6241
1749263261,0.61730000,13.00000000,0.6241
1749263261,0.61710000,8449.00000000,0.6241
1749263261,0.61700000,13.00000000,0.6241
1749263261,0.61670000,1995.00000000,0.6241
1749263261,0.61660000,109.00000000,0.6241
1749263261,0.61640000,26.00000000,0.6241
1749263261,0.61610000,13.00000000,0.6241
1749263261,0.61600000,208.00000000,0.6241
1749263261,0.61580000,13.00000000,0.6241
1749263261,0.61550000,13.00000000,0.6241
1749263261,0.61520000,1622.00000000,0.6241
1749263261,0.61500000,56.00000000,0.6241
1749263261,0.61490000,13.00000000,0.6241
1749263261,0.61460000,13.00000000,0.6241
1749263261,0.61450000,20.00000000,0.6241
1749263261,0.61430000,13.00000000,0.6241
1749263261,0.61410000,1003.00000000,0.6241
1749263261,0.61400000,5394.00000000,0.6241
1749263261,0.61380000,920.00000000,0.6241
1749263261,0.61370000,13.00000000,0.6241
1749263261,0.61360000,16.00000000,0.6241
1749263261,0.61340000,13.00000000,0.6241
1749263261,0.61310000,13.00000000,0.6241
1749263261,0.61280000,13.00000000,0.6241
1749263261,0.61270000,4119.00000000,0.6241
1749263261,0.61120000,924.00000000,0.6241
1749263261,0.61100000,231.00000000,0.6241
1749263261,0.60980000,16.00000000,0.6241
1749263261,0.60930000,2183.00000000,0.6241
1749263261,0.60770000,115.00000000,0.6241
1749263261,0.60680000,9.00000000,0.6241
1749263261,0.60650000,146.00000000,0.6241
1749263261,0.60600000,16.00000000,0.6241
1749263261,0.60530000,20.00000000,0.6241
1749263261,0.60500000,11.00000000,0.6241
1749263261,0.60470000,2206.00000000,0.6241
1749263261,0.60440000,330.00000000,0.6241
1749263261,0.60220000,16.00000000,0.6241
1749263261,0.60200000,231.00000000,0.6241
1749263261,0.60180000,232.00000000,0.6241
1749263261,0.60110000,18.00000000,0.6241
1749263261,0.60070000,10.00000000,0.6241
1749263261,0.60000000,2238.00000000,0.6241
1749263261,0.59990000,10.00000000,0.6241
1749263261,0.59840000,16.00000000,0.6241
1749263261,0.59800000,836.00000000,0.6241
1749263261,0.59750000,41.00000000,0.6241
1749263261,0.59500000,26.00000000,0.6241
1749263261,0.59460000,16.00000000,0.6241
1749263261,0.59370000,9.00000000,0.6241
1749263261,0.59310000,233.00000000,0.6241
1749263568,0.62410000,320.00000000,0.624
1749263568,0.62400000,2859.00000000,0.624
1749263568,0.62390000,2472.00000000,0.624
1749263568,0.62380000,4887.00000000,0.624
1749263568,0.62370000,2644.00000000,0.624
1749263568,0.62360000,3265.00000000,0.624
1749263568,0.62350000,3007.00000000,0.624
1749263568,0.62340000,2582.00000000,0.624
1749263568,0.62330000,2201.00000000,0.624
1749263568,0.62320000,400.00000000,0.624
1749263568,0.62310000,400.00000000,0.624
1749263568,0.62300000,1214.00000000,0.624
1749263568,0.62290000,2525.00000000,0.624
1749263568,0.62280000,400.00000000,0.624
1749263568,0.62270000,4763.00000000,0.624
1749263568,0.62260000,400.00000000,0.624
1749263568,0.62250000,8032.00000000,0.624
1749263568,0.62240000,400.00000000,0.624
1749263568,0.62230000,2220.00000000,0.624
1749263568,0.62220000,387.00000000,0.624
1749263568,0.62210000,400.00000000,0.624
1749263568,0.62200000,387.00000000,0.624
1749263568,0.62190000,610.00000000,0.624
1749263568,0.62180000,400.00000000,0.624
1749263568,0.62170000,6695.00000000,0.624
1749263568,0.62160000,450.00000000,0.624
1749263568,0.62150000,9062.00000000,0.624
1749263568,0.62130000,387.00000000,0.624
1749263568,0.62120000,792.00000000,0.624
1749263568,0.62110000,994.00000000,0.624
1749263568,0.62100000,994.00000000,0.624
1749263568,0.62090000,1626.00000000,0.624
1749263568,0.62060000,13.00000000,0.624
1749263568,0.62050000,1335.00000000,0.624
1749263568,0.62040000,11362.00000000,0.624
1749263568,0.62030000,400.00000000,0.624
1749263568,0.62010000,993.00000000,0.624
1749263568,0.62000000,400.00000000,0.624
1749263568,0.61990000,387.00000000,0.624
1749263568,0.61970000,13.00000000,0.624
1749263568,0.61940000,13.00000000,0.624
1749263568,0.61910000,8462.00000000,0.624
1749263568,0.61900000,387.00000000,0.624
1749263568,0.61880000,3596.00000000,0.624
1749263568,0.61850000,1989.00000000,0.624
1749263568,0.61840000,1108.00000000,0.624
1749263568,0.61820000,13.00000000,0.624
1749263568,0.61810000,13.00000000,0.624
1749263568,0.61790000,13.00000000,0.624
1749263568,0.61760000,13.00000000,0.624
1749263568,0.61740000,16.00000000,0.624
1749263568,0.61730000,221.00000000,0.624
1749263568,0.61700000,13.00000000,0.624
1749263568,0.61670000,13.00000000,0.624
1749263568,0.61640000,13.00000000,0.624
1749263568,0.61610000,13.00000000,0.624
1749263568,0.61580000,13.00000000,0.624
1749263568,0.61550000,13.00000000,0.624
1749263568,0.61520000,13.00000000,0.624
1749263568,0.61500000,1679.00000000,0.624
1749263568,0.61490000,13.00000000,0.624
1749263568,0.61460000,1015.00000000,0.624
1749263568,0.61450000,20.00000000,0.624
1749263568,0.61430000,13.00000000,0.624
1749263568,0.61400000,5394.00000000,0.624
1749263568,0.61370000,920.00000000,0.624
1749263568,0.61360000,16.00000000,0.624
1749263568,0.61340000,9.00000000,0.624
1749263568,0.61310000,921.00000000,0.624
1749263568,0.61270000,4119.00000000,0.624
1749263568,0.61100000,231.00000000,0.624
1749263568,0.60980000,16.00000000,0.624
1749263568,0.60930000,2183.00000000,0.624
1749263568,0.60680000,9.00000000,0.624
1749263568,0.60650000,146.00000000,0.624
1749263568,0.60600000,16.00000000,0.624
1749263568,0.60530000,20.00000000,0.624
1749263568,0.60500000,11.00000000,0.624
1749263568,0.60490000,327.00000000,0.624
1749263568,0.60470000,2206.00000000,0.624
1749263568,0.60220000,16.00000000,0.624
1749263568,0.60200000,231.00000000,0.624
1749263568,0.60180000,232.00000000,0.624
1749263568,0.60110000,18.00000000,0.624
1749263568,0.60070000,10.00000000,0.624
1749263568,0.60000000,2238.00000000,0.624
1749263568,0.59990000,10.00000000,0.624
1749263568,0.59960000,9.00000000,0.624
1749263568,0.59840000,16.00000000,0.624
1749263568,0.59800000,836.00000000,0.624
1749263568,0.59750000,41.00000000,0.624
1749263568,0.59500000,26.00000000,0.624
1749263568,0.59460000,16.00000000,0.624
1749263568,0.59310000,233.00000000,0.624
1749263568,0.59300000,101.00000000,0.624
1749263568,0.59090000,16.00000000,0.624
1749263568,0.59030000,34.00000000,0.624
1749263568,0.58990000,10.00000000,0.624
1749263568,0.58880000,177.00000000,0.624
1749263568,0.58800000,9.00000000,0.624
1749263869,0.62610000,200.00000000,0.6263
1749263869,0.62600000,9725.00000000,0.6263
1749263869,0.62590000,461.00000000,0.6263
1749263869,0.62580000,86.00000000,0.6263
1749263869,0.62570000,411.00000000,0.6263
1749263869,0.62560000,2156.00000000,0.6263
1749263869,0.62550000,461.00000000,0.6263
1749263869,0.62540000,473.00000000,0.6263
1749263869,0.62530000,2737.00000000,0.6263
1749263869,0.62520000,69.00000000,0.6263
1749263869,0.62510000,4935.00000000,0.6263
1749263869,0.62500000,2007.00000000,0.6263
1749263869,0.62490000,2714.00000000,0.6263
1749263869,0.62480000,468.00000000,0.6263
1749263869,0.62470000,2582.00000000,0.6263
1749263869,0.62460000,3685.00000000,0.6263
1749263869,0.62450000,470.00000000,0.6263
1749263869,0.62440000,532.00000000,0.6263
1749263869,0.62430000,458.00000000,0.6263
1749263869,0.62420000,700.00000000,0.6263
1749263869,0.62410000,2162.00000000,0.6263
1749263869,0.62400000,400.00000000,0.6263
1749263869,0.62390000,400.00000000,0.6263
1749263869,0.62370000,387.00000000,0.6263
1749263869,0.62360000,518.00000000,0.6263
1749263869,0.62340000,1286.00000000,0.6263
1749263869,0.62330000,4632.00000000,0.6263
1749263869,0.62310000,7082.00000000,0.6263
1749263869,0.62300000,463.00000000,0.6263
1749263869,0.62290000,992.00000000,0.6263
1749263869,0.62280000,387.00000000,0.6263
1749263869,0.62270000,400.00000000,0.6263
1749263869,0.62260000,605.00000000,0.6263
1749263869,0.62250000,387.00000000,0.6263
1749263869,0.62240000,9062.00000000,0.6263
1749263869,0.62230000,387.00000000,0.6263
1749263869,0.62220000,993.00000000,0.6263
1749263869,0.62210000,400.00000000,0.6263
1749263869,0.62200000,606.00000000,0.6263
1749263869,0.62190000,387.00000000,0.6263
1749263869,0.62180000,400.00000000,0.6263
1749263869,0.62170000,993.00000000,0.6263
1749263869,0.62160000,12020.00000000,0.6263
1749263869,0.62150000,13.00000000,0.6263
1749263869,0.62120000,29.00000000,0.6263
1749263869,0.62090000,13.00000000,0.6263
1749263869,0.62060000,13.00000000,0.6263
1749263869,0.62030000,13.00000000,0.6263
1749263869,0.62010000,13.00000000,0.6263
1749263869,0.62000000,13.00000000,0.6263
1749263869,0.61990000,2237.00000000,0.6263
1749263869,0.61970000,13.00000000,0.6263
1749263869,0.61940000,13.00000000,0.6263
1749263869,0.61920000,1974.00000000,0.6263
1749263869,0.61910000,8462.00000000,0.6263
1749263869,0.61880000,925.00000000,0.6263
1749263869,0.61850000,13.00000000,0.6263
1749263869,0.61820000,13.00000000,0.6263
1749263869,0.61790000,13.00000000,0.6263
1749263869,0.61760000,13.00000000,0.6263
1749263869,0.61740000,16.00000000,0.6263
1749263869,0.61730000,221.00000000,0.6263
1749263869,0.61700000,13.00000000,0.6263
1749263869,0.61680000,1605.00000000,0.6263
1749263869,0.61670000,1124.00000000,0.6263
1749263869,0.61640000,13.00000000,0.6263
1749263869,0.61620000,999.00000000,0.6263
1749263869,0.61610000,13.00000000,0.6263
1749263869,0.61580000,13.00000000,0.6263
1749263869,0.61550000,13.00000000,0.6263
1749263869,0.61520000,13.00000000,0.6263
1749263869,0.61500000,56.00000000,0.6263
1749263869,0.61490000,4169.00000000,0.6263
1749263869,0.61460000,13.00000000,0.6263
1749263869,0.61450000,20.00000000,0.6263
1749263869,0.61430000,13.00000000,0.6263
1749263869,0.61400000,5394.00000000,0.6263
1749263869,0.61370000,920.00000000,0.6263
1749263869,0.61360000,16.00000000,0.6263
1749263869,0.61340000,9.00000000,0.6263
1749263869,0.61310000,921.00000000,0.6263
1749263869,0.61100000,231.00000000,0.6263
1749263869,0.60980000,16.00000000,0.6263
1749263869,0.60930000,2183.00000000,0.6263
1749263869,0.60740000,325.00000000,0.6263
1749263869,0.60680000,9.00000000,0.6263
1749263869,0.60650000,146.00000000,0.6263
1749263869,0.60600000,16.00000000,0.6263
1749263869,0.60530000,20.00000000,0.6263
1749263869,0.60500000,11.00000000,0.6263
1749263869,0.60470000,2206.00000000,0.6263
1749263869,0.60270000,92.00000000,0.6263
1749263869,0.60220000,16.00000000,0.6263
1749263869,0.60200000,231.00000000,0.6263
1749263869,0.60180000,232.00000000,0.6263
1749263869,0.60110000,18.00000000,0.6263
1749263869,0.60070000,10.00000000,0.6263
1749263869,0.60000000,2238.00000000,0.6263
1749263869,0.59990000,10.00000000,0.6263
1749263869,0.59960000,9.00000000,0.6263
1749264171,0.62670000,212.00000000,0.6267
1749264171,0.62660000,411.00000000,0.6267
1749264171,0.62650000,2791.00000000,0.6267
1749264171,0.62640000,447.00000000,0.6267
1749264171,0.62630000,2131.00000000,0.6267
1749264171,0.62620000,2047.00000000,0.6267
1749264171,0.62610000,2121.00000000,0.6267
1749264171,0.62600000,3256.00000000,0.6267
1749264171,0.62590000,6308.00000000,0.6267
1749264171,0.62580000,399.00000000,0.6267
1749264171,0.62570000,3731.00000000,0.6267
1749264171,0.62560000,2017.00000000,0.6267
1749264171,0.62550000,3546.00000000,0.6267
1749264171,0.62540000,411.00000000,0.6267
1749264171,0.62530000,4822.00000000,0.6267
1749264171,0.62520000,2300.00000000,0.6267
1749264171,0.62510000,4704.00000000,0.6267
1749264171,0.62500000,2099.00000000,0.6267
1749264171,0.62490000,387.00000000,0.6267
1749264171,0.62480000,399.00000000,0.6267
1749264171,0.62470000,387.00000000,0.6267
1749264171,0.62460000,7082.00000000,0.6267
1749264171,0.62450000,399.00000000,0.6267
1749264171,0.62440000,519.00000000,0.6267
1749264171,0.62430000,9964.00000000,0.6267
1749264171,0.62420000,400.00000000,0.6267
1749264171,0.62400000,387.00000000,0.6267
1749264171,0.62390000,400.00000000,0.6267
1749264171,0.62370000,387.00000000,0.6267
1749264171,0.62360000,518.00000000,0.6267
1749264171,0.62350000,604.00000000,0.6267
1749264171,0.62340000,387.00000000,0.6267
1749264171,0.62330000,400.00000000,0.6267
1749264171,0.62320000,991.00000000,0.6267
1749264171,0.62310000,387.00000000,0.6267
1749264171,0.62300000,400.00000000,0.6267
1749264171,0.62290000,992.00000000,0.6267
1749264171,0.62280000,11414.00000000,0.6267
1749264171,0.62270000,400.00000000,0.6267
1749264171,0.62260000,605.00000000,0.6267
1749264171,0.62240000,13.00000000,0.6267
1749264171,0.62210000,13.00000000,0.6267
1749264171,0.62180000,13.00000000,0.6267
1749264171,0.62150000,13.00000000,0.6267
1749264171,0.62120000,8478.00000000,0.6267
1749264171,0.62110000,2271.00000000,0.6267
1749264171,0.62090000,13.00000000,0.6267
1749264171,0.62060000,13.00000000,0.6267
1749264171,0.62030000,923.00000000,0.6267
1749264171,0.62010000,13.00000000,0.6267
1749264171,0.62000000,13.00000000,0.6267
1749264171,0.61980000,45.00000000,0.6267
1749264171,0.61970000,13.00000000,0.6267
1749264171,0.61940000,13.00000000,0.6267
1749264171,0.61920000,1974.00000000,0.6267
1749264171,0.61910000,1120.00000000,0.6267
1749264171,0.61880000,13.00000000,0.6267
1749264171,0.61860000,208.00000000,0.6267
1749264171,0.61850000,13.00000000,0.6267
1749264171,0.61820000,13.00000000,0.6267
1749264171,0.61800000,996.00000000,0.6267
1749264171,0.61790000,13.00000000,0.6267
1749264171,0.61760000,13.00000000,0.6267
1749264171,0.61740000,5397.00000000,0.6267
1749264171,0.61730000,13.00000000,0.6267
1749264171,0.61700000,13.00000000,0.6267
1749264171,0.61680000,1605.00000000,0.6267
1749264171,0.61670000,13.00000000,0.6267
1749264171,0.61640000,13.00000000,0.6267
1749264171,0.61610000,13.00000000,0.6267
1749264171,0.61580000,13.00000000,0.6267
1749264171,0.61550000,13.00000000,0.6267
1749264171,0.61540000,917.00000000,0.6267
1749264171,0.61520000,13.00000000,0.6267
1749264171,0.61500000,11.00000000,0.6267
1749264171,0.61490000,4156.00000000,0.6267
1749264171,0.61450000,20.00000000,0.6267
1749264171,0.61360000,16.00000000,0.6267
1749264171,0.61340000,9.00000000,0.6267
1749264171,0.61310000,921.00000000,0.6267
1749264171,0.61100000,231.00000000,0.6267
1749264171,0.60980000,16.00000000,0.6267
1749264171,0.60930000,2183.00000000,0.6267
1749264171,0.60740000,325.00000000,0.6267
1749264171,0.60680000,9.00000000,0.6267
1749264171,0.60650000,146.00000000,0.6267
1749264171,0.60600000,16.00000000,0.6267
1749264171,0.60530000,20.00000000,0.6267
1749264171,0.60520000,91.00000000,0.6267
1749264171,0.60500000,11.00000000,0.6267
1749264171,0.60470000,2206.00000000,0.6267
1749264171,0.60220000,16.00000000,0.6267
1749264171,0.60200000,231.00000000,0.6267
1749264171,0.60180000,232.00000000,0.6267
1749264171,0.60110000,18.00000000,0.6267
1749264171,0.60070000,10.00000000,0.6267
1749264171,0.60000000,2238.00000000,0.6267
1749264171,0.59990000,10.00000000,0.6267
1749264171,0.59960000,9.00000000,0.6267
1749264171,0.59840000,16.00000000,0.6267
1749264473,0.62660000,200.00000000,0.6257
1749264473,0.62650000,2357.00000000,0.6257
1749264473,0.62640000,448.00000000,0.6257
1749264473,0.62630000,2418.00000000,0.6257
1749264473,0.62620000,447.00000000,0.6257
1749264473,0.62610000,12.00000000,0.6257
1749264473,0.62600000,411.00000000,0.6257
1749264473,0.62590000,2091.00000000,0.6257
1749264473,0.62580000,3057.00000000,0.6257
1749264473,0.62570000,459.00000000,0.6257
1749264473,0.62560000,2818.00000000,0.6257
1749264473,0.62550000,399.00000000,0.6257
1749264473,0.62540000,411.00000000,0.6257
1749264473,0.62530000,3809.00000000,0.6257
1749264473,0.62520000,3844.00000000,0.6257
1749264473,0.62510000,8577.00000000,0.6257
1749264473,0.62500000,399.00000000,0.6257
1749264473,0.62490000,2079.00000000,0.6257
1749264473,0.62480000,399.00000000,0.6257
1749264473,0.62470000,5481.00000000,0.6257
1749264473,0.62460000,387.00000000,0.6257
1749264473,0.62450000,399.00000000,0.6257
1749264473,0.62440000,2219.00000000,0.6257
1749264473,0.62430000,387.00000000,0.6257
1749264473,0.62420000,400.00000000,0.6257
1749264473,0.62410000,7082.00000000,0.6257
1749264473,0.62400000,387.00000000,0.6257
1749264473,0.62390000,400.00000000,0.6257
1749264473,0.62380000,8662.00000000,0.6257
1749264473,0.62370000,1350.00000000,0.6257
1749264473,0.62360000,518.00000000,0.6257
1749264473,0.62350000,604.00000000,0.6257
1749264473,0.62340000,387.00000000,0.6257
1749264473,0.62330000,400.00000000,0.6257
1749264473,0.62320000,605.00000000,0.6257
1749264473,0.62310000,387.00000000,0.6257
1749264473,0.62300000,1005.00000000,0.6257
1749264473,0.62290000,387.00000000,0.6257
1749264473,0.62280000,11414.00000000,0.6257
1749264473,0.62270000,400.00000000,0.6257
1749264473,0.62260000,992.00000000,0.6257
1749264473,0.62250000,387.00000000,0.6257
1749264473,0.62240000,13.00000000,0.6257
1749264473,0.62210000,13.00000000,0.6257
1749264473,0.62180000,13.00000000,0.6257
1749264473,0.62150000,13.00000000,0.6257
1749264473,0.62140000,387.00000000,0.6257
1749264473,0.62120000,8478.00000000,0.6257
1749264473,0.62110000,2296.00000000,0.6257
1749264473,0.62090000,13.00000000,0.6257
1749264473,0.62060000,13.00000000,0.6257
1749264473,0.62030000,13.00000000,0.6257
1749264473,0.62000000,13.00000000,0.6257
1749264473,0.61990000,911.00000000,0.6257
1749264473,0.61980000,45.00000000,0.6257
1749264473,0.61970000,13.00000000,0.6257
1749264473,0.61940000,13.00000000,0.6257
1749264473,0.61910000,13.00000000,0.6257
1749264473,0.61880000,13.00000000,0.6257
1749264473,0.61870000,1975.00000000,0.6257
1749264473,0.61860000,208.00000000,0.6257
1749264473,0.61850000,1121.00000000,0.6257
1749264473,0.61820000,13.00000000,0.6257
1749264473,0.61790000,13.00000000,0.6257
1749264473,0.61760000,13.00000000,0.6257
1749264473,0.61740000,5397.00000000,0.6257
1749264473,0.61730000,13.00000000,0.6257
1749264473,0.61700000,13.00000000,0.6257
1749264473,0.61680000,1605.00000000,0.6257
1749264473,0.61670000,13.00000000,0.6257
1749264473,0.61640000,1012.00000000,0.6257
1749264473,0.61610000,13.00000000,0.6257
1749264473,0.61580000,13.00000000,0.6257
1749264473,0.61550000,13.00000000,0.6257
1749264473,0.61520000,13.00000000,0.6257
1749264473,0.61500000,11.00000000,0.6257
1749264473,0.61490000,4156.00000000,0.6257
1749264473,0.61450000,20.00000000,0.6257
1749264473,0.61390000,920.00000000,0.6257
1749264473,0.61360000,16.00000000,0.6257
1749264473,0.61340000,9.00000000,0.6257
1749264473,0.61310000,921.00000000,0.6257
1749264473,0.61100000,231.00000000,0.6257
1749264473,0.60980000,16.00000000,0.6257
1749264473,0.60930000,2183.00000000,0.6257
1749264473,0.60740000,325.00000000,0.6257
1749264473,0.60680000,9.00000000,0.6257
1749264473,0.60650000,146.00000000,0.6257
1749264473,0.60600000,16.00000000,0.6257
1749264473,0.60530000,20.00000000,0.6257
1749264473,0.60500000,11.00000000,0.6257
1749264473,0.60470000,2206.00000000,0.6257
1749264473,0.60220000,16.00000000,0.6257
1749264473,0.60200000,231.00000000,0.6257
1749264473,0.60180000,232.00000000,0.6257
1749264473,0.60110000,18.00000000,0.6257
1749264473,0.60070000,10.00000000,0.6257
1749264473,0.60000000,2238.00000000,0.6257
1749264473,0.59990000,10.00000000,0.6257
1749264473,0.59960000,9.00000000,0.6257
1749264774,0.62760000,1445.00000000,0.6278
1749264774,0.62750000,1195.00000000,0.6278
1749264774,0.62740000,2741.00000000,0.6278
1749264774,0.62730000,2020.00000000,0.6278
1749264774,0.62720000,3606.00000000,0.6278
1749264774,0.62710000,3874.00000000,0.6278
1749264774,0.62700000,454.00000000,0.6278
1749264774,0.62690000,7435.00000000,0.6278
1749264774,0.62680000,3695.00000000,0.6278
1749264774,0.62670000,2055.00000000,0.6278
1749264774,0.62660000,24.00000000,0.6278
1749264774,0.62650000,530.00000000,0.6278
1749264774,0.62640000,2579.00000000,0.6278
1749264774,0.62630000,469.00000000,0.6278
1749264774,0.62620000,12.00000000,0.6278
1749264774,0.62610000,399.00000000,0.6278
1749264774,0.62600000,411.00000000,0.6278
1749264774,0.62590000,627.00000000,0.6278
1749264774,0.62580000,460.00000000,0.6278
1749264774,0.62570000,411.00000000,0.6278
1749264774,0.62550000,387.00000000,0.6278
1749264774,0.62540000,399.00000000,0.6278
1749264774,0.62530000,2087.00000000,0.6278
1749264774,0.62520000,4619.00000000,0.6278
1749264774,0.62510000,399.00000000,0.6278
1749264774,0.62500000,399.00000000,0.6278
1749264774,0.62490000,387.00000000,0.6278
1749264774,0.62480000,7991.00000000,0.6278
1749264774,0.62470000,1026.00000000,0.6278
1749264774,0.62460000,387.00000000,0.6278
1749264774,0.62450000,1002.00000000,0.6278
1749264774,0.62440000,387.00000000,0.6278
1749264774,0.62430000,991.00000000,0.6278
1749264774,0.62420000,1004.00000000,0.6278
1749264774,0.62400000,387.00000000,0.6278
1749264774,0.62390000,1004.00000000,0.6278
1749264774,0.62380000,8662.00000000,0.6278
1749264774,0.62370000,991.00000000,0.6278
1749264774,0.62360000,518.00000000,0.6278
1749264774,0.62350000,604.00000000,0.6278
1749264774,0.62340000,387.00000000,0.6278
1749264774,0.62330000,400.00000000,0.6278
1749264774,0.62320000,605.00000000,0.6278
1749264774,0.62300000,13.00000000,0.6278
1749264774,0.62280000,11027.00000000,0.6278
1749264774,0.62270000,13.00000000,0.6278
1749264774,0.62240000,13.00000000,0.6278
1749264774,0.62210000,13.00000000,0.6278
1749264774,0.62180000,13.00000000,0.6278
1749264774,0.62170000,908.00000000,0.6278
1749264774,0.62150000,13.00000000,0.6278
1749264774,0.62120000,8478.00000000,0.6278
1749264774,0.62110000,2296.00000000,0.6278
1749264774,0.62090000,13.00000000,0.6278
1749264774,0.62060000,13.00000000,0.6278
1749264774,0.62030000,13.00000000,0.6278
1749264774,0.62000000,1984.00000000,0.6278
1749264774,0.61990000,1106.00000000,0.6278
1749264774,0.61980000,45.00000000,0.6278
1749264774,0.61970000,13.00000000,0.6278
1749264774,0.61940000,13.00000000,0.6278
1749264774,0.61910000,13.00000000,0.6278
1749264774,0.61880000,13.00000000,0.6278
1749264774,0.61860000,208.00000000,0.6278
1749264774,0.61850000,13.00000000,0.6278
1749264774,0.61840000,1600.00000000,0.6278
1749264774,0.61820000,13.00000000,0.6278
1749264774,0.61810000,996.00000000,0.6278
1749264774,0.61790000,13.00000000,0.6278
1749264774,0.61760000,13.00000000,0.6278
1749264774,0.61740000,5397.00000000,0.6278
1749264774,0.61730000,13.00000000,0.6278
1749264774,0.61700000,13.00000000,0.6278
1749264774,0.61670000,13.00000000,0.6278
1749264774,0.61640000,13.00000000,0.6278
1749264774,0.61610000,13.00000000,0.6278
1749264774,0.61580000,13.00000000,0.6278
1749264774,0.61550000,13.00000000,0.6278
1749264774,0.61530000,917.00000000,0.6278
1749264774,0.61500000,11.00000000,0.6278
1749264774,0.61490000,4156.00000000,0.6278
1749264774,0.61450000,20.00000000,0.6278
1749264774,0.61440000,919.00000000,0.6278
1749264774,0.61360000,16.00000000,0.6278
1749264774,0.61340000,9.00000000,0.6278
1749264774,0.61100000,231.00000000,0.6278
1749264774,0.60980000,16.00000000,0.6278
1749264774,0.60930000,2183.00000000,0.6278
1749264774,0.60740000,325.00000000,0.6278
1749264774,0.60680000,9.00000000,0.6278
1749264774,0.60650000,146.00000000,0.6278
1749264774,0.60600000,16.00000000,0.6278
1749264774,0.60530000,20.00000000,0.6278
1749264774,0.60500000,11.00000000,0.6278
1749264774,0.60470000,2206.00000000,0.6278
1749264774,0.60220000,16.00000000,0.6278
1749264774,0.60200000,231.00000000,0.6278
1749264774,0.60180000,232.00000000,0.6278
1749264774,0.60110000,18.00000000,0.6278
1749264774,0.60070000,10.00000000,0.6278
1749265076,0.62980000,20.00000000,0.6298
1749265076,0.62970000,12.00000000,0.6298
1749265076,0.62960000,1008.00000000,0.6298
1749265076,0.62950000,2080.00000000,0.6298
1749265076,0.62940000,454.00000000,0.6298
1749265076,0.62930000,411.00000000,0.6298
1749265076,0.62920000,1980.00000000,0.6298
1749265076,0.62910000,399.00000000,0.6298
1749265076,0.62900000,5652.00000000,0.6298
1749265076,0.62890000,1980.00000000,0.6298
1749265076,0.62880000,1874.00000000,0.6298
1749265076,0.62870000,3467.00000000,0.6298
1749265076,0.62860000,472.00000000,0.6298
1749265076,0.62850000,1874.00000000,0.6298
1749265076,0.62840000,4294.00000000,0.6298
1749265076,0.62830000,399.00000000,0.6298
1749265076,0.62820000,399.00000000,0.6298
1749265076,0.62810000,2764.00000000,0.6298
1749265076,0.62800000,399.00000000,0.6298
1749265076,0.62790000,446.00000000,0.6298
1749265076,0.62780000,399.00000000,0.6298
1749265076,0.62770000,4619.00000000,0.6298
1749265076,0.62760000,1182.00000000,0.6298
1749265076,0.62750000,399.00000000,0.6298
1749265076,0.62730000,387.00000000,0.6298
1749265076,0.62720000,2229.00000000,0.6298
1749265076,0.62700000,387.00000000,0.6298
1749265076,0.62690000,7094.00000000,0.6298
1749265076,0.62680000,387.00000000,0.6298
1749265076,0.62670000,1302.00000000,0.6298
1749265076,0.62660000,399.00000000,0.6298
1749265076,0.62650000,9264.00000000,0.6298
1749265076,0.62640000,387.00000000,0.6298
1749265076,0.62630000,399.00000000,0.6298
1749265076,0.62620000,602.00000000,0.6298
1749265076,0.62610000,387.00000000,0.6298
1749265076,0.62600000,399.00000000,0.6298
1749265076,0.62590000,602.00000000,0.6298
1749265076,0.62580000,387.00000000,0.6298
1749265076,0.62570000,1001.00000000,0.6298
1749265076,0.62560000,990.00000000,0.6298
1749265076,0.62540000,12.00000000,0.6298
1749265076,0.62530000,988.00000000,0.6298
1749265076,0.62520000,11027.00000000,0.6298
1749265076,0.62510000,12.00000000,0.6298
1749265076,0.62500000,28.00000000,0.6298
1749265076,0.62480000,12.00000000,0.6298
1749265076,0.62450000,12.00000000,0.6298
1749265076,0.62420000,13.00000000,0.6298
1749265076,0.62390000,13.00000000,0.6298
1749265076,0.62370000,110.00000000,0.6298
1749265076,0.62360000,2397.00000000,0.6298
1749265076,0.62340000,906.00000000,0.6298
1749265076,0.62330000,8462.00000000,0.6298
1749265076,0.62300000,13.00000000,0.6298
1749265076,0.62290000,13.00000000,0.6298
1749265076,0.62270000,13.00000000,0.6298
1749265076,0.62240000,13.00000000,0.6298
1749265076,0.62210000,13.00000000,0.6298
1749265076,0.62180000,13.00000000,0.6298
1749265076,0.62150000,13.00000000,0.6298
1749265076,0.62130000,1967.00000000,0.6298
1749265076,0.62120000,236.00000000,0.6298
1749265076,0.62090000,13.00000000,0.6298
1749265076,0.62080000,5381.00000000,0.6298
1749265076,0.62060000,13.00000000,0.6298
1749265076,0.62030000,13.00000000,0.6298
1749265076,0.62020000,1596.00000000,0.6298
1749265076,0.62000000,13.00000000,0.6298
1749265076,0.61980000,45.00000000,0.6298
1749265076,0.61970000,1007.00000000,0.6298
1749265076,0.61940000,13.00000000,0.6298
1749265076,0.61910000,13.00000000,0.6298
1749265076,0.61890000,912.00000000,0.6298
1749265076,0.61880000,13.00000000,0.6298
1749265076,0.61850000,13.00000000,0.6298
1749265076,0.61820000,13.00000000,0.6298
1749265076,0.61810000,15.00000000,0.6298
1749265076,0.61740000,16.00000000,0.6298
1749265076,0.61710000,4127.00000000,0.6298
1749265076,0.61570000,917.00000000,0.6298
1749265076,0.61500000,11.00000000,0.6298
1749265076,0.61480000,2183.00000000,0.6298
1749265076,0.61450000,20.00000000,0.6298
1749265076,0.61360000,16.00000000,0.6298
1749265076,0.61340000,9.00000000,0.6298
1749265076,0.61100000,231.00000000,0.6298
1749265076,0.61060000,326.00000000,0.6298
1749265076,0.60980000,16.00000000,0.6298
1749265076,0.60680000,9.00000000,0.6298
1749265076,0.60650000,146.00000000,0.6298
1749265076,0.60600000,16.00000000,0.6298
1749265076,0.60500000,11.00000000,0.6298
1749265076,0.60470000,2206.00000000,0.6298
1749265076,0.60220000,16.00000000,0.6298
1749265076,0.60200000,231.00000000,0.6298
1749265076,0.60180000,232.00000000,0.6298
1749265076,0.60110000,18.00000000,0.6298
1749265076,0.60070000,10.00000000,0.6298
1749265076,0.60000000,2238.00000000,0.6298
1749265380,0.63020000,1252.00000000,0.631
1749265380,0.63010000,2802.00000000,0.631
1749265380,0.63000000,875.00000000,0.631
1749265380,0.62990000,1807.00000000,0.631
1749265380,0.62980000,2017.00000000,0.631
1749265380,0.62970000,921.00000000,0.631
1749265380,0.62960000,1565.00000000,0.631
1749265380,0.62950000,3743.00000000,0.631
1749265380,0.62940000,6085.00000000,0.631
1749265380,0.62930000,2476.00000000,0.631
1749265380,0.62920000,9062.00000000,0.631
1749265380,0.62910000,3049.00000000,0.631
1749265380,0.62900000,5401.00000000,0.631
1749265380,0.62890000,2232.00000000,0.631
1749265380,0.62880000,2130.00000000,0.631
1749265380,0.62870000,2524.00000000,0.631
1749265380,0.62860000,6436.00000000,0.631
1749265380,0.62850000,2087.00000000,0.631
1749265380,0.62840000,399.00000000,0.631
1749265380,0.62820000,387.00000000,0.631
1749265380,0.62810000,399.00000000,0.631
1749265380,0.62800000,387.00000000,0.631
1749265380,0.62790000,387.00000000,0.631
1749265380,0.62780000,1290.00000000,0.631
1749265380,0.62770000,6695.00000000,0.631
1749265380,0.62760000,387.00000000,0.631
1749265380,0.62750000,999.00000000,0.631
1749265380,0.62740000,9263.00000000,0.631
1749265380,0.62730000,387.00000000,0.631
1749265380,0.62720000,399.00000000,0.631
1749265380,0.62710000,601.00000000,0.631
1749265380,0.62700000,387.00000000,0.631
1749265380,0.62690000,399.00000000,0.631
1749265380,0.62680000,988.00000000,0.631
1749265380,0.62660000,1000.00000000,0.631
1749265380,0.62640000,11027.00000000,0.631
1749265380,0.62630000,399.00000000,0.631
1749265380,0.62610000,988.00000000,0.631
1749265380,0.62600000,1495.00000000,0.631
1749265380,0.62570000,12.00000000,0.631
1749265380,0.62540000,2686.00000000,0.631
1749265380,0.62510000,12.00000000,0.631
1749265380,0.62500000,28.00000000,0.631
1749265380,0.62480000,12.00000000,0.631
1749265380,0.62450000,12.00000000,0.631
1749265380,0.62420000,13.00000000,0.631
1749265380,0.62390000,13.00000000,0.631
1749265380,0.62370000,45.00000000,0.631
1749265380,0.62360000,13.00000000,0.631
1749265380,0.62350000,1960.00000000,0.631
1749265380,0.62340000,906.00000000,0.631
1749265380,0.62330000,8462.00000000,0.631
1749265380,0.62300000,13.00000000,0.631
1749265380,0.62270000,13.00000000,0.631
1749265380,0.62250000,206.00000000,0.631
1749265380,0.62240000,13.00000000,0.631
1749265380,0.62220000,12.00000000,0.631
1749265380,0.62210000,13.00000000,0.631
1749265380,0.62190000,990.00000000,0.631
1749265380,0.62180000,13.00000000,0.631
1749265380,0.62150000,13.00000000,0.631
1749265380,0.62120000,29.00000000,0.631
1749265380,0.62090000,13.00000000,0.631
1749265380,0.62080000,5381.00000000,0.631
1749265380,0.62060000,13.00000000,0.631
1749265380,0.62030000,13.00000000,0.631
1749265380,0.62020000,2506.00000000,0.631
1749265380,0.62010000,233.00000000,0.631
1749265380,0.62000000,13.00000000,0.631
1749265380,0.61980000,4200.00000000,0.631
1749265380,0.61970000,13.00000000,0.631
1749265380,0.61940000,13.00000000,0.631
1749265380,0.61810000,15.00000000,0.631
1749265380,0.61740000,16.00000000,0.631
1749265380,0.61700000,915.00000000,0.631
1749265380,0.61500000,11.00000000,0.631
1749265380,0.61480000,2183.00000000,0.631
1749265380,0.61450000,20.00000000,0.631
1749265380,0.61360000,16.00000000,0.631
1749265380,0.61340000,9.00000000,0.631
1749265380,0.61290000,18.00000000,0.631
1749265380,0.61220000,2206.00000000,0.631
1749265380,0.61100000,231.00000000,0.631
1749265380,0.61060000,326.00000000,0.631
1749265380,0.60980000,16.00000000,0.631
1749265380,0.60650000,146.00000000,0.631
1749265380,0.60600000,16.00000000,0.631
1749265380,0.60500000,11.00000000,0.631
1749265380,0.60220000,16.00000000,0.631
1749265380,0.60200000,231.00000000,0.631
1749265380,0.60180000,232.00000000,0.631
1749265380,0.60110000,18.00000000,0.631
1749265380,0.60070000,10.00000000,0.631
1749265380,0.60000000,2238.00000000,0.631
1749265380,0.59990000,10.00000000,0.631
1749265380,0.59960000,9.00000000,0.631
1749265380,0.59840000,16.00000000,0.631
1749265380,0.59800000,836.00000000,0.631
1749265380,0.59750000,41.00000000,0.631
1749265380,0.59500000,26.00000000,0.631
1749265682,0.63390000,512.00000000,0.6343
1749265682,0.63380000,1320.00000000,0.6343
1749265682,0.63370000,3087.00000000,0.6343
1749265682,0.63360000,1365.00000000,0.6343
1749265682,0.63350000,2832.00000000,0.6343
1749265682,0.63340000,467.00000000,0.6343
1749265682,0.63330000,839.00000000,0.6343
1749265682,0.63320000,2062.00000000,0.6343
1749265682,0.63310000,3275.00000000,0.6343
1749265682,0.63300000,861.00000000,0.6343
1749265682,0.63290000,1881.00000000,0.6343
1749265682,0.63280000,1709.00000000,0.6343
1749265682,0.63270000,6345.00000000,0.6343
1749265682,0.63260000,5673.00000000,0.6343
1749265682,0.63250000,2466.00000000,0.6343
1749265682,0.63240000,1927.00000000,0.6343
1749265682,0.63230000,2162.00000000,0.6343
1749265682,0.63220000,3690.00000000,0.6343
1749265682,0.63210000,5466.00000000,0.6343
1749265682,0.63200000,4113.00000000,0.6343
1749265682,0.63190000,1607.00000000,0.6343
1749265682,0.63180000,387.00000000,0.6343
1749265682,0.63170000,399.00000000,0.6343
1749265682,0.63160000,597.00000000,0.6343
1749265682,0.63150000,387.00000000,0.6343
1749265682,0.63140000,1127.00000000,0.6343
1749265682,0.63130000,896.00000000,0.6343
1749265682,0.63120000,387.00000000,0.6343
1749265682,0.63110000,996.00000000,0.6343
1749265682,0.63100000,4830.00000000,0.6343
1749265682,0.63090000,387.00000000,0.6343
1749265682,0.63080000,997.00000000,0.6343
1749265682,0.63060000,984.00000000,0.6343
1749265682,0.63050000,7094.00000000,0.6343
1749265682,0.63040000,985.00000000,0.6343
1749265682,0.63030000,387.00000000,0.6343
1749265682,0.63020000,399.00000000,0.6343
1749265682,0.63010000,9648.00000000,0.6343
1749265682,0.62990000,996.00000000,0.6343
1749265682,0.62980000,986.00000000,0.6343
1749265682,0.62960000,12.00000000,0.6343
1749265682,0.62930000,674.00000000,0.6343
1749265682,0.62900000,12.00000000,0.6343
1749265682,0.62890000,116.00000000,0.6343
1749265682,0.62880000,11027.00000000,0.6343
1749265682,0.62870000,28.00000000,0.6343
1749265682,0.62860000,73.00000000,0.6343
1749265682,0.62840000,12.00000000,0.6343
1749265682,0.62830000,19.00000000,0.6343
1749265682,0.62810000,12.00000000,0.6343
1749265682,0.62800000,2245.00000000,0.6343
1749265682,0.62790000,763.00000000,0.6343
1749265682,0.62780000,12.00000000,0.6343
1749265682,0.62760000,1947.00000000,0.6343
1749265682,0.62750000,8461.00000000,0.6343
1749265682,0.62730000,111.00000000,0.6343
1749265682,0.62720000,12.00000000,0.6343
1749265682,0.62690000,1106.00000000,0.6343
1749265682,0.62660000,928.00000000,0.6343
1749265682,0.62630000,12.00000000,0.6343
1749265682,0.62610000,12.00000000,0.6343
1749265682,0.62600000,12.00000000,0.6343
1749265682,0.62570000,12.00000000,0.6343
1749265682,0.62540000,41.00000000,0.6343
1749265682,0.62510000,12.00000000,0.6343
1749265682,0.62500000,28.00000000,0.6343
1749265682,0.62490000,36.00000000,0.6343
1749265682,0.62480000,12.00000000,0.6343
1749265682,0.62450000,12.00000000,0.6343
1749265682,0.62430000,5381.00000000,0.6343
1749265682,0.62420000,13.00000000,0.6343
1749265682,0.62390000,13.00000000,0.6343
1749265682,0.62380000,206.00000000,0.6343
1749265682,0.62370000,64.00000000,0.6343
1749265682,0.62360000,1600.00000000,0.6343
1749265682,0.62350000,987.00000000,0.6343
1749265682,0.62330000,171.00000000,0.6343
1749265682,0.62300000,919.00000000,0.6343
1749265682,0.62270000,13.00000000,0.6343
1749265682,0.62240000,13.00000000,0.6343
1749265682,0.62210000,4173.00000000,0.6343
1749265682,0.62120000,16.00000000,0.6343
1749265682,0.62010000,266.00000000,0.6343
1749265682,0.61990000,805.00000000,0.6343
1749265682,0.61920000,912.00000000,0.6343
1749265682,0.61910000,19.00000000,0.6343
1749265682,0.61810000,15.00000000,0.6343
1749265682,0.61740000,16.00000000,0.6343
1749265682,0.61630000,96.00000000,0.6343
1749265682,0.61500000,11.00000000,0.6343
1749265682,0.61480000,2183.00000000,0.6343
1749265682,0.61470000,322.00000000,0.6343
1749265682,0.61450000,20.00000000,0.6343
1749265682,0.61360000,16.00000000,0.6343
1749265682,0.61340000,9.00000000,0.6343
1749265682,0.61330000,1953.00000000,0.6343
1749265682,0.61290000,18.00000000,0.6343
1749265682,0.61220000,2206.00000000,0.6343
1749265682,0.61100000,231.00000000,0.6343
1749265682,0.61040000,418.00000000,0.6343
1749265984,0.63650000,74.00000000,0.6367
1749265984,0.63640000,863.00000000,0.6367
1749265984,0.63630000,2083.00000000,0.6367
1749265984,0.63620000,2775.00000000,0.6367
1749265984,0.63610000,785.00000000,0.6367
1749265984,0.63600000,1119.00000000,0.6367
1749265984,0.63590000,890.00000000,0.6367
1749265984,0.63580000,1429.00000000,0.6367
1749265984,0.63570000,449.00000000,0.6367
1749265984,0.63560000,462.00000000,0.6367
1749265984,0.63550000,1611.00000000,0.6367
1749265984,0.63540000,1207.00000000,0.6367
1749265984,0.63530000,7327.00000000,0.6367
1749265984,0.63520000,1892.00000000,0.6367
1749265984,0.63510000,3386.00000000,0.6367
1749265984,0.63500000,2114.00000000,0.6367
1749265984,0.63490000,2313.00000000,0.6367
1749265984,0.63480000,3476.00000000,0.6367
1749265984,0.63470000,3489.00000000,0.6367
1749265984,0.63460000,7826.00000000,0.6367
1749265984,0.63450000,2037.00000000,0.6367
1749265984,0.63440000,399.00000000,0.6367
1749265984,0.63420000,387.00000000,0.6367
1749265984,0.63410000,994.00000000,0.6367
1749265984,0.63400000,1298.00000000,0.6367
1749265984,0.63390000,595.00000000,0.6367
1749265984,0.63380000,399.00000000,0.6367
1749265984,0.63370000,982.00000000,0.6367
1749265984,0.63360000,982.00000000,0.6367
1749265984,0.63350000,12.00000000,0.6367
1749265984,0.63340000,983.00000000,0.6367
1749265984,0.63320000,12.00000000,0.6367
1749265984,0.63310000,981.00000000,0.6367
1749265984,0.63300000,4619.00000000,0.6367
1749265984,0.63290000,12.00000000,0.6367
1749265984,0.63270000,981.00000000,0.6367
1749265984,0.63260000,7094.00000000,0.6367
1749265984,0.63250000,16.00000000,0.6367
1749265984,0.63230000,12.00000000,0.6367
1749265984,0.63210000,982.00000000,0.6367
1749265984,0.63200000,9061.00000000,0.6367
1749265984,0.63170000,2682.00000000,0.6367
1749265984,0.63140000,12.00000000,0.6367
1749265984,0.63120000,11027.00000000,0.6367
1749265984,0.63110000,12.00000000,0.6367
1749265984,0.63100000,1089.00000000,0.6367
1749265984,0.63080000,12.00000000,0.6367
1749265984,0.63050000,12.00000000,0.6367
1749265984,0.63020000,12.00000000,0.6367
1749265984,0.62990000,1952.00000000,0.6367
1749265984,0.62980000,1656.00000000,0.6367
1749265984,0.62960000,8461.00000000,0.6367
1749265984,0.62930000,12.00000000,0.6367
1749265984,0.62900000,27.00000000,0.6367
1749265984,0.62890000,116.00000000,0.6367
1749265984,0.62870000,28.00000000,0.6367
1749265984,0.62840000,12.00000000,0.6367
1749265984,0.62830000,176.00000000,0.6367
1749265984,0.62810000,12.00000000,0.6367
1749265984,0.62780000,12.00000000,0.6367
1749265984,0.62750000,12.00000000,0.6367
1749265984,0.62730000,12.00000000,0.6367
1749265984,0.62720000,1590.00000000,0.6367
1749265984,0.62690000,12.00000000,0.6367
1749265984,0.62660000,12.00000000,0.6367
1749265984,0.62650000,901.00000000,0.6367
1749265984,0.62640000,983.00000000,0.6367
1749265984,0.62630000,91.00000000,0.6367
1749265984,0.62600000,12.00000000,0.6367
1749265984,0.62570000,12.00000000,0.6367
1749265984,0.62540000,12.00000000,0.6367
1749265984,0.62510000,205.00000000,0.6367
1749265984,0.62500000,28.00000000,0.6367
1749265984,0.62470000,4168.00000000,0.6367
1749265984,0.62430000,5381.00000000,0.6367
1749265984,0.62370000,64.00000000,0.6367
1749265984,0.62130000,909.00000000,0.6367
1749265984,0.62120000,16.00000000,0.6367
1749265984,0.62050000,2183.00000000,0.6367
1749265984,0.62010000,266.00000000,0.6367
1749265984,0.61910000,19.00000000,0.6367
1749265984,0.61840000,95.00000000,0.6367
1749265984,0.61810000,15.00000000,0.6367
1749265984,0.61740000,16.00000000,0.6367
1749265984,0.61660000,321.00000000,0.6367
1749265984,0.61500000,11.00000000,0.6367
1749265984,0.61450000,109.00000000,0.6367
1749265984,0.61360000,16.00000000,0.6367
1749265984,0.61340000,9.00000000,0.6367
1749265984,0.61330000,325.00000000,0.6367
1749265984,0.61290000,18.00000000,0.6367
1749265984,0.61220000,2206.00000000,0.6367
1749265984,0.61100000,231.00000000,0.6367
1749265984,0.60980000,16.00000000,0.6367
1749265984,0.60960000,1082.00000000,0.6367
1749265984,0.60740000,27.00000000,0.6367
1749265984,0.60650000,146.00000000,0.6367
1749265984,0.60600000,16.00000000,0.6367
1749265984,0.60500000,11.00000000,0.6367
1749265984,0.60220000,16.00000000,0.6367
1749266290,0.63690000,51.00000000,0.6371
1749266290,0.63680000,2366.00000000,0.6371
1749266290,0.63670000,1109.00000000,0.6371
1749266290,0.63660000,2565.00000000,0.6371
1749266290,0.63650000,460.00000000,0.6371
1749266290,0.63640000,842.00000000,0.6371
1749266290,0.63630000,1313.00000000,0.6371
1749266290,0.63620000,477.00000000,0.6371
1749266290,0.63610000,399.00000000,0.6371
1749266290,0.63600000,2097.00000000,0.6371
1749266290,0.63590000,411.00000000,0.6371
1749266290,0.63580000,1812.00000000,0.6371
1749266290,0.63570000,3804.00000000,0.6371
1749266290,0.63560000,3906.00000000,0.6371
1749266290,0.63550000,387.00000000,0.6371
1749266290,0.63540000,12534.00000000,0.6371
1749266290,0.63530000,2002.00000000,0.6371
1749266290,0.63520000,5212.00000000,0.6371
1749266290,0.63510000,6046.00000000,0.6371
1749266290,0.63500000,2139.00000000,0.6371
1749266290,0.63490000,2032.00000000,0.6371
1749266290,0.63480000,3602.00000000,0.6371
1749266290,0.63470000,1074.00000000,0.6371
1749266290,0.63460000,2125.00000000,0.6371
1749266290,0.63450000,387.00000000,0.6371
1749266290,0.63440000,399.00000000,0.6371
1749266290,0.63430000,982.00000000,0.6371
1749266290,0.63420000,1112.00000000,0.6371
1749266290,0.63410000,7094.00000000,0.6371
1749266290,0.63400000,1491.00000000,0.6371
1749266290,0.63390000,387.00000000,0.6371
1749266290,0.63380000,9657.00000000,0.6371
1749266290,0.63360000,983.00000000,0.6371
1749266290,0.63350000,399.00000000,0.6371
1749266290,0.63340000,983.00000000,0.6371
1749266290,0.63320000,12.00000000,0.6371
1749266290,0.63310000,981.00000000,0.6371
1749266290,0.63290000,31.00000000,0.6371
1749266290,0.63270000,981.00000000,0.6371
1749266290,0.63260000,1486.00000000,0.6371
1749266290,0.63250000,997.00000000,0.6371
1749266290,0.63240000,11027.00000000,0.6371
1749266290,0.63230000,399.00000000,0.6371
1749266290,0.63200000,12.00000000,0.6371
1749266290,0.63170000,2679.00000000,0.6371
1749266290,0.63140000,12.00000000,0.6371
1749266290,0.63110000,12.00000000,0.6371
1749266290,0.63080000,12.00000000,0.6371
1749266290,0.63070000,759.00000000,0.6371
1749266290,0.63050000,12.00000000,0.6371
1749266290,0.63020000,12.00000000,0.6371
1749266290,0.62990000,1952.00000000,0.6371
1749266290,0.62980000,896.00000000,0.6371
1749266290,0.62960000,8476.00000000,0.6371
1749266290,0.62940000,45.00000000,0.6371
1749266290,0.62930000,12.00000000,0.6371
1749266290,0.62910000,12.00000000,0.6371
1749266290,0.62900000,12.00000000,0.6371
1749266290,0.62890000,151.00000000,0.6371
1749266290,0.62870000,28.00000000,0.6371
1749266290,0.62840000,170.00000000,0.6371
1749266290,0.62830000,917.00000000,0.6371
1749266290,0.62810000,12.00000000,0.6371
1749266290,0.62780000,5393.00000000,0.6371
1749266290,0.62750000,12.00000000,0.6371
1749266290,0.62720000,1590.00000000,0.6371
1749266290,0.62690000,12.00000000,0.6371
1749266290,0.62660000,12.00000000,0.6371
1749266290,0.62640000,1188.00000000,0.6371
1749266290,0.62630000,12.00000000,0.6371
1749266290,0.62600000,12.00000000,0.6371
1749266290,0.62570000,12.00000000,0.6371
1749266290,0.62500000,28.00000000,0.6371
1749266290,0.62490000,33.00000000,0.6371
1749266290,0.62470000,4168.00000000,0.6371
1749266290,0.62370000,19.00000000,0.6371
1749266290,0.62340000,906.00000000,0.6371
1749266290,0.62120000,16.00000000,0.6371
1749266290,0.62050000,2183.00000000,0.6371
1749266290,0.62010000,233.00000000,0.6371
1749266290,0.61940000,98.00000000,0.6371
1749266290,0.61910000,19.00000000,0.6371
1749266290,0.61810000,15.00000000,0.6371
1749266290,0.61740000,16.00000000,0.6371
1749266290,0.61660000,321.00000000,0.6371
1749266290,0.61500000,11.00000000,0.6371
1749266290,0.61450000,20.00000000,0.6371
1749266290,0.61360000,16.00000000,0.6371
1749266290,0.61340000,9.00000000,0.6371
1749266290,0.61300000,325.00000000,0.6371
1749266290,0.61290000,18.00000000,0.6371
1749266290,0.61220000,2206.00000000,0.6371
1749266290,0.61100000,231.00000000,0.6371
1749266290,0.60980000,16.00000000,0.6371
1749266290,0.60960000,1082.00000000,0.6371
1749266290,0.60740000,27.00000000,0.6371
1749266290,0.60650000,146.00000000,0.6371
1749266290,0.60600000,16.00000000,0.6371
1749266290,0.60500000,11.00000000,0.6371
1749266290,0.60220000,16.00000000,0.6371
1749266592,0.63760000,440.00000000,0.6366
1749266592,0.63750000,2688.00000000,0.6366
1749266592,0.63740000,387.00000000,0.6366
1749266592,0.63730000,4342.00000000,0.6366
1749266592,0.63720000,461.00000000,0.6366
1749266592,0.63710000,475.00000000,0.6366
1749266592,0.63700000,1069.00000000,0.6366
1749266592,0.63690000,2021.00000000,0.6366
1749266592,0.63680000,4767.00000000,0.6366
1749266592,0.63670000,4698.00000000,0.6366
1749266592,0.63660000,463.00000000,0.6366
1749266592,0.63650000,3143.00000000,0.6366
1749266592,0.63640000,2043.00000000,0.6366
1749266592,0.63630000,5076.00000000,0.6366
1749266592,0.63620000,475.00000000,0.6366
1749266592,0.63610000,463.00000000,0.6366
1749266592,0.63600000,463.00000000,0.6366
1749266592,0.63590000,463.00000000,0.6366
1749266592,0.63580000,463.00000000,0.6366
1749266592,0.63570000,1981.00000000,0.6366
1749266592,0.63560000,768.00000000,0.6366
1749266592,0.63550000,399.00000000,0.6366
1749266592,0.63540000,399.00000000,0.6366
1749266592,0.63530000,399.00000000,0.6366
1749266592,0.63520000,981.00000000,0.6366
1749266592,0.63510000,2423.00000000,0.6366
1749266592,0.63500000,993.00000000,0.6366
1749266592,0.63490000,518.00000000,0.6366
1749266592,0.63480000,981.00000000,0.6366
1749266592,0.63470000,2774.00000000,0.6366
1749266592,0.63460000,5528.00000000,0.6366
1749266592,0.63450000,387.00000000,0.6366
1749266592,0.63440000,399.00000000,0.6366
1749266592,0.63430000,982.00000000,0.6366
1749266592,0.63420000,387.00000000,0.6366
1749266592,0.63410000,994.00000000,0.6366
1749266592,0.63400000,595.00000000,0.6366
1749266592,0.63390000,387.00000000,0.6366
1749266592,0.63380000,399.00000000,0.6366
1749266592,0.63370000,982.00000000,0.6366
1749266592,0.63360000,7082.00000000,0.6366
1749266592,0.63350000,12.00000000,0.6366
1749266592,0.63340000,595.00000000,0.6366
1749266592,0.63320000,12.00000000,0.6366
1749266592,0.63310000,9256.00000000,0.6366
1749266592,0.63290000,31.00000000,0.6366
1749266592,0.63270000,594.00000000,0.6366
1749266592,0.63260000,12.00000000,0.6366
1749266592,0.63250000,16.00000000,0.6366
1749266592,0.63240000,11027.00000000,0.6366
1749266592,0.63230000,12.00000000,0.6366
1749266592,0.63200000,12.00000000,0.6366
1749266592,0.63170000,2271.00000000,0.6366
1749266592,0.63140000,12.00000000,0.6366
1749266592,0.63110000,12.00000000,0.6366
1749266592,0.63090000,1937.00000000,0.6366
1749266592,0.63080000,1101.00000000,0.6366
1749266592,0.63050000,12.00000000,0.6366
1749266592,0.63020000,12.00000000,0.6366
1749266592,0.62990000,12.00000000,0.6366
1749266592,0.62960000,8461.00000000,0.6366
1749266592,0.62940000,45.00000000,0.6366
1749266592,0.62930000,170.00000000,0.6366
1749266592,0.62910000,12.00000000,0.6366
1749266592,0.62900000,12.00000000,0.6366
1749266592,0.62890000,116.00000000,0.6366
1749266592,0.62870000,28.00000000,0.6366
1749266592,0.62840000,910.00000000,0.6366
1749266592,0.62830000,19.00000000,0.6366
1749266592,0.62810000,12.00000000,0.6366
1749266592,0.62780000,5393.00000000,0.6366
1749266592,0.62770000,205.00000000,0.6366
1749266592,0.62750000,12.00000000,0.6366
1749266592,0.62720000,1590.00000000,0.6366
1749266592,0.62690000,12.00000000,0.6366
1749266592,0.62660000,12.00000000,0.6366
1749266592,0.62640000,983.00000000,0.6366
1749266592,0.62630000,12.00000000,0.6366
1749266592,0.62600000,12.00000000,0.6366
1749266592,0.62570000,12.00000000,0.6366
1749266592,0.62560000,159.00000000,0.6366
1749266592,0.62500000,28.00000000,0.6366
1749266592,0.62490000,33.00000000,0.6366
1749266592,0.62470000,4168.00000000,0.6366
1749266592,0.62370000,19.00000000,0.6366
1749266592,0.62210000,907.00000000,0.6366
1749266592,0.62120000,16.00000000,0.6366
1749266592,0.62090000,160.00000000,0.6366
1749266592,0.62050000,2183.00000000,0.6366
1749266592,0.62010000,233.00000000,0.6366
1749266592,0.61910000,19.00000000,0.6366
1749266592,0.61840000,98.00000000,0.6366
1749266592,0.61810000,15.00000000,0.6366
1749266592,0.61740000,16.00000000,0.6366
1749266592,0.61660000,321.00000000,0.6366
1749266592,0.61500000,11.00000000,0.6366
1749266592,0.61450000,20.00000000,0.6366
1749266592,0.61370000,90.00000000,0.6366
1749266592,0.61360000,16.00000000,0.6366
1749266592,0.61340000,9.00000000,0.6366
1749266893,0.63700000,15.00000000,0.6374
1749266893,0.63680000,2918.00000000,0.6374
1749266893,0.63670000,886.00000000,0.6374
1749266893,0.63660000,1987.00000000,0.6374
1749266893,0.63650000,1924.00000000,0.6374
1749266893,0.63640000,399.00000000,0.6374
1749266893,0.63630000,1952.00000000,0.6374
1749266893,0.63620000,4133.00000000,0.6374
1749266893,0.63610000,2027.00000000,0.6374
1749266893,0.63600000,4942.00000000,0.6374
1749266893,0.63590000,1924.00000000,0.6374
1749266893,0.63580000,3604.00000000,0.6374
1749266893,0.63570000,3526.00000000,0.6374
1749266893,0.63560000,529.00000000,0.6374
1749266893,0.63550000,7685.00000000,0.6374
1749266893,0.63540000,387.00000000,0.6374
1749266893,0.63530000,1962.00000000,0.6374
1749266893,0.63520000,2512.00000000,0.6374
1749266893,0.63510000,4530.00000000,0.6374
1749266893,0.63500000,7094.00000000,0.6374
1749266893,0.63490000,517.00000000,0.6374
1749266893,0.63480000,2087.00000000,0.6374
1749266893,0.63470000,399.00000000,0.6374
1749266893,0.63460000,1284.00000000,0.6374
1749266893,0.63440000,12.00000000,0.6374
1749266893,0.63430000,982.00000000,0.6374
1749266893,0.63420000,130.00000000,0.6374
1749266893,0.63410000,994.00000000,0.6374
1749266893,0.63400000,8662.00000000,0.6374
1749266893,0.63390000,387.00000000,0.6374
1749266893,0.63380000,12.00000000,0.6374
1749266893,0.63370000,981.00000000,0.6374
1749266893,0.63360000,11027.00000000,0.6374
1749266893,0.63350000,399.00000000,0.6374
1749266893,0.63320000,12.00000000,0.6374
1749266893,0.63300000,594.00000000,0.6374
1749266893,0.63290000,418.00000000,0.6374
1749266893,0.63280000,981.00000000,0.6374
1749266893,0.63260000,12.00000000,0.6374
1749266893,0.63250000,997.00000000,0.6374
1749266893,0.63240000,981.00000000,0.6374
1749266893,0.63230000,12.00000000,0.6374
1749266893,0.63200000,12.00000000,0.6374
1749266893,0.63190000,1087.00000000,0.6374
1749266893,0.63170000,10730.00000000,0.6374
1749266893,0.63140000,12.00000000,0.6374
1749266893,0.63110000,1960.00000000,0.6374
1749266893,0.63100000,895.00000000,0.6374
1749266893,0.63080000,12.00000000,0.6374
1749266893,0.63050000,12.00000000,0.6374
1749266893,0.63020000,12.00000000,0.6374
1749266893,0.62990000,21.00000000,0.6374
1749266893,0.62960000,12.00000000,0.6374
1749266893,0.62940000,45.00000000,0.6374
1749266893,0.62930000,12.00000000,0.6374
1749266893,0.62900000,216.00000000,0.6374
1749266893,0.62890000,116.00000000,0.6374
1749266893,0.62880000,24.00000000,0.6374
1749266893,0.62870000,28.00000000,0.6374
1749266893,0.62840000,12.00000000,0.6374
1749266893,0.62830000,19.00000000,0.6374
1749266893,0.62810000,12.00000000,0.6374
1749266893,0.62780000,5393.00000000,0.6374
1749266893,0.62750000,12.00000000,0.6374
1749266893,0.62730000,900.00000000,0.6374
1749266893,0.62720000,12.00000000,0.6374
1749266893,0.62710000,1578.00000000,0.6374
1749266893,0.62700000,4187.00000000,0.6374
1749266893,0.62690000,12.00000000,0.6374
1749266893,0.62640000,983.00000000,0.6374
1749266893,0.62580000,9.00000000,0.6374
1749266893,0.62540000,78.00000000,0.6374
1749266893,0.62500000,28.00000000,0.6374
1749266893,0.62490000,33.00000000,0.6374
1749266893,0.62370000,19.00000000,0.6374
1749266893,0.62360000,905.00000000,0.6374
1749266893,0.62120000,16.00000000,0.6374
1749266893,0.62090000,160.00000000,0.6374
1749266893,0.62050000,2183.00000000,0.6374
1749266893,0.62010000,331.00000000,0.6374
1749266893,0.61910000,19.00000000,0.6374
1749266893,0.61860000,320.00000000,0.6374
1749266893,0.61810000,15.00000000,0.6374
1749266893,0.61740000,16.00000000,0.6374
1749266893,0.61510000,90.00000000,0.6374
1749266893,0.61500000,11.00000000,0.6374
1749266893,0.61450000,34.00000000,0.6374
1749266893,0.61360000,16.00000000,0.6374
1749266893,0.61310000,325.00000000,0.6374
1749266893,0.61290000,18.00000000,0.6374
1749266893,0.61230000,1700.00000000,0.6374
1749266893,0.61220000,2206.00000000,0.6374
1749266893,0.61180000,9.00000000,0.6374
1749266893,0.61100000,231.00000000,0.6374
1749266893,0.60980000,16.00000000,0.6374
1749266893,0.60960000,1082.00000000,0.6374
1749266893,0.60750000,821.00000000,0.6374
1749266893,0.60740000,27.00000000,0.6374
1749266893,0.60650000,146.00000000,0.6374
1749266893,0.60600000,16.00000000,0.6374
1749267195,0.63490000,463.00000000,0.6351
1749267195,0.63480000,1702.00000000,0.6351
1749267195,0.63470000,5389.00000000,0.6351
1749267195,0.63460000,5172.00000000,0.6351
1749267195,0.63450000,1871.00000000,0.6351
1749267195,0.63440000,411.00000000,0.6351
1749267195,0.63430000,399.00000000,0.6351
1749267195,0.63420000,1148.00000000,0.6351
1749267195,0.63410000,3638.00000000,0.6351
1749267195,0.63400000,6906.00000000,0.6351
1749267195,0.63390000,399.00000000,0.6351
1749267195,0.63380000,6999.00000000,0.6351
1749267195,0.63370000,387.00000000,0.6351
1749267195,0.63360000,7855.00000000,0.6351
1749267195,0.63350000,2180.00000000,0.6351
1749267195,0.63340000,387.00000000,0.6351
1749267195,0.63330000,8057.00000000,0.6351
1749267195,0.63320000,399.00000000,0.6351
1749267195,0.63310000,227.00000000,0.6351
1749267195,0.63300000,387.00000000,0.6351
1749267195,0.63290000,7113.00000000,0.6351
1749267195,0.63280000,518.00000000,0.6351
1749267195,0.63270000,387.00000000,0.6351
1749267195,0.63260000,12.00000000,0.6351
1749267195,0.63250000,9659.00000000,0.6351
1749267195,0.63240000,981.00000000,0.6351
1749267195,0.63230000,12.00000000,0.6351
1749267195,0.63210000,1891.00000000,0.6351
1749267195,0.63200000,399.00000000,0.6351
1749267195,0.63190000,982.00000000,0.6351
1749267195,0.63180000,982.00000000,0.6351
1749267195,0.63170000,12.00000000,0.6351
1749267195,0.63160000,11414.00000000,0.6351
1749267195,0.63140000,12.00000000,0.6351
1749267195,0.63110000,12.00000000,0.6351
1749267195,0.63080000,12.00000000,0.6351
1749267195,0.63050000,995.00000000,0.6351
1749267195,0.63040000,387.00000000,0.6351
1749267195,0.63020000,8461.00000000,0.6351
1749267195,0.63010000,387.00000000,0.6351
1749267195,0.62990000,21.00000000,0.6351
1749267195,0.62970000,12.00000000,0.6351
1749267195,0.62960000,909.00000000,0.6351
1749267195,0.62940000,45.00000000,0.6351
1749267195,0.62930000,12.00000000,0.6351
1749267195,0.62920000,2287.00000000,0.6351
1749267195,0.62900000,216.00000000,0.6351
1749267195,0.62870000,28.00000000,0.6351
1749267195,0.62840000,12.00000000,0.6351
1749267195,0.62830000,19.00000000,0.6351
1749267195,0.62820000,1945.00000000,0.6351
1749267195,0.62810000,1105.00000000,0.6351
1749267195,0.62780000,5393.00000000,0.6351
1749267195,0.62750000,12.00000000,0.6351
1749267195,0.62740000,24.00000000,0.6351
1749267195,0.62720000,12.00000000,0.6351
1749267195,0.62690000,12.00000000,0.6351
1749267195,0.62640000,983.00000000,0.6351
1749267195,0.62600000,902.00000000,0.6351
1749267195,0.62580000,9.00000000,0.6351
1749267195,0.62550000,1582.00000000,0.6351
1749267195,0.62500000,28.00000000,0.6351
1749267195,0.62490000,33.00000000,0.6351
1749267195,0.62480000,78.00000000,0.6351
1749267195,0.62460000,4188.00000000,0.6351
1749267195,0.62370000,19.00000000,0.6351
1749267195,0.62360000,905.00000000,0.6351
1749267195,0.62120000,16.00000000,0.6351
1749267195,0.62090000,160.00000000,0.6351
1749267195,0.62050000,2183.00000000,0.6351
1749267195,0.62010000,233.00000000,0.6351
1749267195,0.61910000,19.00000000,0.6351
1749267195,0.61820000,98.00000000,0.6351
1749267195,0.61810000,15.00000000,0.6351
1749267195,0.61740000,16.00000000,0.6351
1749267195,0.61700000,323.00000000,0.6351
1749267195,0.61500000,11.00000000,0.6351
1749267195,0.61450000,34.00000000,0.6351
1749267195,0.61370000,90.00000000,0.6351
1749267195,0.61360000,16.00000000,0.6351
1749267195,0.61290000,18.00000000,0.6351
1749267195,0.61220000,2206.00000000,0.6351
1749267195,0.61180000,9.00000000,0.6351
1749267195,0.61100000,231.00000000,0.6351
1749267195,0.60980000,16.00000000,0.6351
1749267195,0.60960000,1082.00000000,0.6351
1749267195,0.60750000,821.00000000,0.6351
1749267195,0.60740000,27.00000000,0.6351
1749267195,0.60650000,146.00000000,0.6351
1749267195,0.60600000,16.00000000,0.6351
1749267195,0.60500000,11.00000000,0.6351
1749267195,0.60220000,16.00000000,0.6351
1749267195,0.60200000,231.00000000,0.6351
1749267195,0.60180000,232.00000000,0.6351
1749267195,0.60070000,10.00000000,0.6351
1749267195,0.60000000,1156.00000000,0.6351
1749267195,0.59990000,10.00000000,0.6351
1749267195,0.59840000,16.00000000,0.6351
1749267195,0.59800000,836.00000000,0.6351
1749267195,0.59500000,26.00000000,0.6351
1749267502,0.63600000,32.00000000,0.6359
1749267502,0.63580000,1193.00000000,0.6359
1749267502,0.63570000,2615.00000000,0.6359
1749267502,0.63560000,467.00000000,0.6359
1749267502,0.63550000,809.00000000,0.6359
1749267502,0.63540000,2007.00000000,0.6359
1749267502,0.63530000,2763.00000000,0.6359
1749267502,0.63520000,2073.00000000,0.6359
1749267502,0.63510000,946.00000000,0.6359
1749267502,0.63500000,3089.00000000,0.6359
1749267502,0.63490000,2189.00000000,0.6359
1749267502,0.63480000,6795.00000000,0.6359
1749267502,0.63470000,2085.00000000,0.6359
1749267502,0.63460000,3654.00000000,0.6359
1749267502,0.63450000,12542.00000000,0.6359
1749267502,0.63440000,411.00000000,0.6359
1749267502,0.63430000,10655.00000000,0.6359
1749267502,0.63420000,530.00000000,0.6359
1749267502,0.63410000,399.00000000,0.6359
1749267502,0.63390000,387.00000000,0.6359
1749267502,0.63380000,4746.00000000,0.6359
1749267502,0.63370000,387.00000000,0.6359
1749267502,0.63360000,7082.00000000,0.6359
1749267502,0.63350000,529.00000000,0.6359
1749267502,0.63340000,982.00000000,0.6359
1749267502,0.63330000,897.00000000,0.6359
1749267502,0.63320000,399.00000000,0.6359
1749267502,0.63310000,983.00000000,0.6359
1749267502,0.63300000,983.00000000,0.6359
1749267502,0.63290000,418.00000000,0.6359
1749267502,0.63280000,983.00000000,0.6359
1749267502,0.63270000,387.00000000,0.6359
1749267502,0.63260000,12.00000000,0.6359
1749267502,0.63250000,9659.00000000,0.6359
1749267502,0.63240000,981.00000000,0.6359
1749267502,0.63230000,12.00000000,0.6359
1749267502,0.63210000,982.00000000,0.6359
1749267502,0.63200000,12.00000000,0.6359
1749267502,0.63190000,982.00000000,0.6359
1749267502,0.63170000,994.00000000,0.6359
1749267502,0.63160000,11027.00000000,0.6359
1749267502,0.63150000,387.00000000,0.6359
1749267502,0.63140000,12.00000000,0.6359
1749267502,0.63110000,12.00000000,0.6359
1749267502,0.63080000,12.00000000,0.6359
1749267502,0.63050000,12.00000000,0.6359
1749267502,0.63040000,2247.00000000,0.6359
1749267502,0.63020000,8461.00000000,0.6359
1749267502,0.62990000,21.00000000,0.6359
1749267502,0.62970000,12.00000000,0.6359
1749267502,0.62960000,909.00000000,0.6359
1749267502,0.62940000,45.00000000,0.6359
1749267502,0.62930000,12.00000000,0.6359
1749267502,0.62910000,1943.00000000,0.6359
1749267502,0.62900000,216.00000000,0.6359
1749267502,0.62870000,28.00000000,0.6359
1749267502,0.62840000,12.00000000,0.6359
1749267502,0.62830000,19.00000000,0.6359
1749267502,0.62820000,24.00000000,0.6359
1749267502,0.62810000,12.00000000,0.6359
1749267502,0.62780000,6487.00000000,0.6359
1749267502,0.62750000,12.00000000,0.6359
1749267502,0.62730000,83.00000000,0.6359
1749267502,0.62720000,12.00000000,0.6359
1749267502,0.62690000,12.00000000,0.6359
1749267502,0.62640000,983.00000000,0.6359
1749267502,0.62600000,902.00000000,0.6359
1749267502,0.62580000,9.00000000,0.6359
1749267502,0.62550000,1582.00000000,0.6359
1749267502,0.62500000,28.00000000,0.6359
1749267502,0.62490000,33.00000000,0.6359
1749267502,0.62460000,4188.00000000,0.6359
1749267502,0.62410000,78.00000000,0.6359
1749267502,0.62380000,160.00000000,0.6359
1749267502,0.62370000,19.00000000,0.6359
1749267502,0.62360000,905.00000000,0.6359
1749267502,0.62120000,16.00000000,0.6359
1749267502,0.62050000,2183.00000000,0.6359
1749267502,0.62010000,233.00000000,0.6359
1749267502,0.61930000,161.00000000,0.6359
1749267502,0.61910000,19.00000000,0.6359
1749267502,0.61870000,98.00000000,0.6359
1749267502,0.61840000,85.00000000,0.6359
1749267502,0.61810000,15.00000000,0.6359
1749267502,0.61740000,16.00000000,0.6359
1749267502,0.61700000,323.00000000,0.6359
1749267502,0.61500000,11.00000000,0.6359
1749267502,0.61450000,34.00000000,0.6359
1749267502,0.61360000,16.00000000,0.6359
1749267502,0.61290000,108.00000000,0.6359
1749267502,0.61240000,326.00000000,0.6359
1749267502,0.61220000,2206.00000000,0.6359
1749267502,0.61180000,9.00000000,0.6359
1749267502,0.61100000,231.00000000,0.6359
1749267502,0.60980000,16.00000000,0.6359
1749267502,0.60960000,1082.00000000,0.6359
1749267502,0.60790000,1700.00000000,0.6359
1749267502,0.60740000,27.00000000,0.6359
1749267502,0.60650000,146.00000000,0.6359
1749267502,0.60600000,16.00000000,0.6359
1749267803,0.63760000,64.00000000,0.6375
1749267803,0.63750000,137.00000000,0.6375
1749267803,0.63740000,1090.00000000,0.6375
1749267803,0.63730000,2839.00000000,0.6375
1749267803,0.63720000,1426.00000000,0.6375
1749267803,0.63710000,1284.00000000,0.6375
1749267803,0.63700000,3163.00000000,0.6375
1749267803,0.63690000,4426.00000000,0.6375
1749267803,0.63680000,3978.00000000,0.6375
1749267803,0.63670000,786.00000000,0.6375
1749267803,0.63660000,1800.00000000,0.6375
1749267803,0.63650000,423.00000000,0.6375
1749267803,0.63640000,399.00000000,0.6375
1749267803,0.63630000,2220.00000000,0.6375
1749267803,0.63620000,5391.00000000,0.6375
1749267803,0.63610000,8755.00000000,0.6375
1749267803,0.63600000,9450.00000000,0.6375
1749267803,0.63590000,411.00000000,0.6375
1749267803,0.63580000,2524.00000000,0.6375
1749267803,0.63570000,3800.00000000,0.6375
1749267803,0.63560000,529.00000000,0.6375
1749267803,0.63550000,616.00000000,0.6375
1749267803,0.63540000,387.00000000,0.6375
1749267803,0.63530000,399.00000000,0.6375
1749267803,0.63520000,2087.00000000,0.6375
1749267803,0.63510000,981.00000000,0.6375
1749267803,0.63500000,1107.00000000,0.6375
1749267803,0.63490000,1111.00000000,0.6375
1749267803,0.63480000,4619.00000000,0.6375
1749267803,0.63470000,399.00000000,0.6375
1749267803,0.63460000,981.00000000,0.6375
1749267803,0.63450000,1291.00000000,0.6375
1749267803,0.63440000,994.00000000,0.6375
1749267803,0.63430000,7082.00000000,0.6375
1749267803,0.63420000,387.00000000,0.6375
1749267803,0.63410000,399.00000000,0.6375
1749267803,0.63400000,982.00000000,0.6375
1749267803,0.63380000,514.00000000,0.6375
