timestamp,price,volume,current_price
1749254645,0.61200000,441.00000000,0.6121
1749254645,0.61190000,699.00000000,0.6121
1749254645,0.61180000,1618.00000000,0.6121
1749254645,0.61170000,110.00000000,0.6121
1749254645,0.61160000,400.00000000,0.6121
1749254645,0.61150000,1118.00000000,0.6121
1749254645,0.61140000,4217.00000000,0.6121
1749254645,0.61130000,4404.00000000,0.6121
1749254645,0.61120000,4418.00000000,0.6121
1749254645,0.61110000,870.00000000,0.6121
1749254645,0.61100000,3060.00000000,0.6121
1749254645,0.61090000,2923.00000000,0.6121
1749254645,0.61080000,3211.00000000,0.6121
1749254645,0.61070000,4201.00000000,0.6121
1749254645,0.61050000,387.00000000,0.6121
1749254645,0.61040000,6529.00000000,0.6121
1749254645,0.61020000,387.00000000,0.6121
1749254645,0.61010000,8933.00000000,0.6121
1749254645,0.61000000,40.00000000,0.6121
1749254645,0.60990000,20.00000000,0.6121
1749254645,0.60980000,416.00000000,0.6121
1749254645,0.60960000,229.00000000,0.6121
1749254645,0.60950000,9184.00000000,0.6121
1749254645,0.60940000,3094.00000000,0.6121
1749254645,0.60930000,387.00000000,0.6121
1749254645,0.60920000,2189.00000000,0.6121
1749254645,0.60910000,11881.00000000,0.6121
1749254645,0.60890000,13.00000000,0.6121
1749254645,0.60880000,915.00000000,0.6121
1749254645,0.60870000,881.00000000,0.6121
1749254645,0.60860000,2189.00000000,0.6121
1749254645,0.60840000,875.00000000,0.6121
1749254645,0.60830000,631.00000000,0.6121
1749254645,0.60820000,1113.00000000,0.6121
1749254645,0.60810000,1479.00000000,0.6121
1749254645,0.60800000,933.00000000,0.6121
1749254645,0.60790000,8796.00000000,0.6121
1749254645,0.60770000,13.00000000,0.6121
1749254645,0.60760000,619.00000000,0.6121
1749254645,0.60740000,13.00000000,0.6121
1749254645,0.60730000,9.00000000,0.6121
1749254645,0.60710000,1101.00000000,0.6121
1749254645,0.60680000,22.00000000,0.6121
1749254645,0.60650000,371.00000000,0.6121
1749254645,0.60640000,2249.00000000,0.6121
1749254645,0.60630000,931.00000000,0.6121
1749254645,0.60620000,608.00000000,0.6121
1749254645,0.60610000,1092.00000000,0.6121
1749254645,0.60600000,16.00000000,0.6121
1749254645,0.60590000,13.00000000,0.6121
1749254645,0.60560000,13.00000000,0.6121
1749254645,0.60550000,2020.00000000,0.6121
1749254645,0.60540000,1016.00000000,0.6121
1749254645,0.60530000,46.00000000,0.6121
1749254645,0.60520000,6549.00000000,0.6121
1749254645,0.60430000,1638.00000000,0.6121
1749254645,0.60420000,70.00000000,0.6121
1749254645,0.60250000,4092.00000000,0.6121
1749254645,0.60220000,16.00000000,0.6121
1749254645,0.60200000,231.00000000,0.6121
1749254645,0.60180000,232.00000000,0.6121
1749254645,0.60070000,10.00000000,0.6121
1749254645,0.60060000,2146.00000000,0.6121
1749254645,0.60000000,1156.00000000,0.6121
1749254645,0.59990000,10.00000000,0.6121
1749254645,0.59840000,16.00000000,0.6121
1749254645,0.59800000,836.00000000,0.6121
1749254645,0.59770000,944.00000000,0.6121
1749254645,0.59750000,41.00000000,0.6121
1749254645,0.59670000,102.00000000,0.6121
1749254645,0.59600000,2191.00000000,0.6121
1749254645,0.59500000,15.00000000,0.6121
1749254645,0.59470000,332.00000000,0.6121
1749254645,0.59460000,16.00000000,0.6121
1749254645,0.59370000,9.00000000,0.6121
1749254645,0.59310000,233.00000000,0.6121
1749254645,0.59300000,101.00000000,0.6121
1749254645,0.59170000,94.00000000,0.6121
1749254645,0.59140000,1094.00000000,0.6121
1749254645,0.59090000,16.00000000,0.6121
1749254645,0.59030000,34.00000000,0.6121
1749254645,0.58990000,10.00000000,0.6121
1749254645,0.58980000,338.00000000,0.6121
1749254645,0.58880000,177.00000000,0.6121
1749254645,0.58810000,1700.00000000,0.6121
1749254645,0.58800000,9.00000000,0.6121
1749254645,0.58710000,16.00000000,0.6121
1749254645,0.58440000,31.00000000,0.6121
1749254645,0.58380000,238.00000000,0.6121
1749254645,0.58340000,15.00000000,0.6121
1749254645,0.58330000,16.00000000,0.6121
1749254645,0.58270000,50.00000000,0.6121
1749254645,0.58240000,4876.00000000,0.6121
1749254645,0.58000000,644.00000000,0.6121
1749254645,0.57990000,10.00000000,0.6121
1749254645,0.57950000,16.00000000,0.6121
1749254645,0.57700000,9.00000000,0.6121
1749254645,0.57580000,233.00000000,0.6121
1749254645,0.57570000,16.00000000,0.6121
1749254645,0.57540000,9.00000000,0.6121
1749254963,0.61210000,357.00000000,0.6127
1749254963,0.61200000,280.00000000,0.6127
1749254963,0.61190000,227.00000000,0.6127
1749254963,0.61170000,1422.00000000,0.6127
1749254963,0.61160000,3279.00000000,0.6127
1749254963,0.61150000,5195.00000000,0.6127
1749254963,0.61140000,3376.00000000,0.6127
1749254963,0.61130000,2854.00000000,0.6127
1749254963,0.61120000,2818.00000000,0.6127
1749254963,0.61110000,1981.00000000,0.6127
1749254963,0.61100000,6275.00000000,0.6127
1749254963,0.61090000,4392.00000000,0.6127
1749254963,0.61080000,1031.00000000,0.6127
1749254963,0.61070000,2014.00000000,0.6127
1749254963,0.61060000,4776.00000000,0.6127
1749254963,0.61050000,387.00000000,0.6127
1749254963,0.61040000,1996.00000000,0.6127
1749254963,0.61030000,2087.00000000,0.6127
1749254963,0.61020000,7160.00000000,0.6127
1749254963,0.61010000,2388.00000000,0.6127
1749254963,0.61000000,387.00000000,0.6127
1749254963,0.60990000,20.00000000,0.6127
1749254963,0.60980000,9200.00000000,0.6127
1749254963,0.60970000,1250.00000000,0.6127
1749254963,0.60950000,13.00000000,0.6127
1749254963,0.60940000,4931.00000000,0.6127
1749254963,0.60920000,13.00000000,0.6127
1749254963,0.60910000,11494.00000000,0.6127
1749254963,0.60890000,13.00000000,0.6127
1749254963,0.60870000,881.00000000,0.6127
1749254963,0.60860000,2189.00000000,0.6127
1749254963,0.60850000,876.00000000,0.6127
1749254963,0.60830000,630.00000000,0.6127
1749254963,0.60820000,1113.00000000,0.6127
1749254963,0.60810000,1478.00000000,0.6127
1749254963,0.60800000,933.00000000,0.6127
1749254963,0.60790000,8796.00000000,0.6127
1749254963,0.60770000,13.00000000,0.6127
1749254963,0.60740000,13.00000000,0.6127
1749254963,0.60730000,9.00000000,0.6127
1749254963,0.60710000,1101.00000000,0.6127
1749254963,0.60680000,22.00000000,0.6127
1749254963,0.60660000,2017.00000000,0.6127
1749254963,0.60650000,1090.00000000,0.6127
1749254963,0.60640000,2280.00000000,0.6127
1749254963,0.60620000,608.00000000,0.6127
1749254963,0.60610000,1092.00000000,0.6127
1749254963,0.60600000,1372.00000000,0.6127
1749254963,0.60590000,13.00000000,0.6127
1749254963,0.60560000,13.00000000,0.6127
1749254963,0.60540000,1016.00000000,0.6127
1749254963,0.60530000,46.00000000,0.6127
1749254963,0.60520000,5404.00000000,0.6127
1749254963,0.60430000,1638.00000000,0.6127
1749254963,0.60250000,4092.00000000,0.6127
1749254963,0.60220000,16.00000000,0.6127
1749254963,0.60200000,231.00000000,0.6127
1749254963,0.60180000,232.00000000,0.6127
1749254963,0.60070000,10.00000000,0.6127
1749254963,0.60060000,2146.00000000,0.6127
1749254963,0.60000000,1156.00000000,0.6127
1749254963,0.59990000,10.00000000,0.6127
1749254963,0.59840000,16.00000000,0.6127
1749254963,0.59820000,944.00000000,0.6127
1749254963,0.59800000,836.00000000,0.6127
1749254963,0.59750000,41.00000000,0.6127
1749254963,0.59640000,102.00000000,0.6127
1749254963,0.59600000,2191.00000000,0.6127
1749254963,0.59500000,15.00000000,0.6127
1749254963,0.59470000,332.00000000,0.6127
1749254963,0.59460000,16.00000000,0.6127
1749254963,0.59370000,9.00000000,0.6127
1749254963,0.59310000,233.00000000,0.6127
1749254963,0.59300000,101.00000000,0.6127
1749254963,0.59160000,94.00000000,0.6127
1749254963,0.59140000,1094.00000000,0.6127
1749254963,0.59090000,16.00000000,0.6127
1749254963,0.59050000,338.00000000,0.6127
1749254963,0.59030000,34.00000000,0.6127
1749254963,0.58990000,10.00000000,0.6127
1749254963,0.58880000,177.00000000,0.6127
1749254963,0.58800000,9.00000000,0.6127
1749254963,0.58710000,16.00000000,0.6127
1749254963,0.58440000,31.00000000,0.6127
1749254963,0.58380000,238.00000000,0.6127
1749254963,0.58340000,15.00000000,0.6127
1749254963,0.58330000,16.00000000,0.6127
1749254963,0.58270000,50.00000000,0.6127
1749254963,0.58240000,4876.00000000,0.6127
1749254963,0.58000000,644.00000000,0.6127
1749254963,0.57990000,10.00000000,0.6127
1749254963,0.57950000,16.00000000,0.6127
1749254963,0.57700000,9.00000000,0.6127
1749254963,0.57580000,233.00000000,0.6127
1749254963,0.57570000,16.00000000,0.6127
1749254963,0.57540000,9.00000000,0.6127
1749254963,0.57500000,109.00000000,0.6127
1749254963,0.57320000,11.00000000,0.6127
1749254963,0.57270000,250.00000000,0.6127
1749254963,0.57260000,61.00000000,0.6127
