timestamp,price,volume,current_price
1749258409,0.62420000,74.00000000,0.6246
1749258409,0.62410000,840.00000000,0.6246
1749258409,0.62400000,2510.00000000,0.6246
1749258409,0.62390000,687.00000000,0.6246
1749258409,0.62380000,474.00000000,0.6246
1749258409,0.62370000,929.00000000,0.6246
1749258409,0.62360000,2518.00000000,0.6246
1749258409,0.62350000,5736.00000000,0.6246
1749258409,0.62340000,3587.00000000,0.6246
1749258409,0.62330000,1319.00000000,0.6246
1749258409,0.62320000,3660.00000000,0.6246
1749258409,0.62310000,1018.00000000,0.6246
1749258409,0.62300000,3751.00000000,0.6246
1749258409,0.62290000,6205.00000000,0.6246
1749258409,0.62280000,2020.00000000,0.6246
1749258409,0.62270000,413.00000000,0.6246
1749258409,0.62260000,1974.00000000,0.6246
1749258409,0.62250000,387.00000000,0.6246
1749258409,0.62240000,3989.00000000,0.6246
1749258409,0.62230000,1700.00000000,0.6246
1749258409,0.62220000,387.00000000,0.6246
1749258409,0.62210000,400.00000000,0.6246
1749258409,0.62200000,4872.00000000,0.6246
1749258409,0.62190000,387.00000000,0.6246
1749258409,0.62180000,400.00000000,0.6246
1749258409,0.62160000,1304.00000000,0.6246
1749258409,0.62150000,400.00000000,0.6246
1749258409,0.62140000,387.00000000,0.6246
1749258409,0.62130000,7054.00000000,0.6246
1749258409,0.62120000,416.00000000,0.6246
1749258409,0.62100000,387.00000000,0.6246
1749258409,0.62090000,1007.00000000,0.6246
1749258409,0.62080000,9265.00000000,0.6246
1749258409,0.62070000,387.00000000,0.6246
1749258409,0.62060000,13.00000000,0.6246
1749258409,0.62050000,607.00000000,0.6246
1749258409,0.62040000,387.00000000,0.6246
1749258409,0.62030000,598.00000000,0.6246
1749258409,0.62010000,994.00000000,0.6246
1749258409,0.62000000,13.00000000,0.6246
1749258409,0.61970000,13.00000000,0.6246
1749258409,0.61940000,11151.00000000,0.6246
1749258409,0.61930000,1299.00000000,0.6246
1749258409,0.61910000,33.00000000,0.6246
1749258409,0.61880000,13.00000000,0.6246
1749258409,0.61850000,13.00000000,0.6246
1749258409,0.61830000,2282.00000000,0.6246
1749258409,0.61820000,13.00000000,0.6246
1749258409,0.61790000,13.00000000,0.6246
1749258409,0.61770000,45.00000000,0.6246
1749258409,0.61760000,8599.00000000,0.6246
1749258409,0.61740000,16.00000000,0.6246
1749258409,0.61730000,13.00000000,0.6246
1749258409,0.61700000,13.00000000,0.6246
1749258409,0.61670000,13.00000000,0.6246
1749258409,0.61650000,1983.00000000,0.6246
1749258409,0.61640000,929.00000000,0.6246
1749258409,0.61610000,13.00000000,0.6246
1749258409,0.61580000,13.00000000,0.6246
1749258409,0.61550000,13.00000000,0.6246
1749258409,0.61520000,5592.00000000,0.6246
1749258409,0.61490000,13.00000000,0.6246
1749258409,0.61470000,14.00000000,0.6246
1749258409,0.61460000,13.00000000,0.6246
1749258409,0.61450000,20.00000000,0.6246
1749258409,0.61440000,1113.00000000,0.6246
1749258409,0.61430000,13.00000000,0.6246
1749258409,0.61400000,1015.00000000,0.6246
1749258409,0.61370000,1626.00000000,0.6246
1749258409,0.61360000,16.00000000,0.6246
1749258409,0.61340000,13.00000000,0.6246
1749258409,0.61330000,209.00000000,0.6246
1749258409,0.61310000,13.00000000,0.6246
1749258409,0.61280000,13.00000000,0.6246
1749258409,0.61260000,4108.00000000,0.6246
1749258409,0.61100000,231.00000000,0.6246
1749258409,0.60980000,16.00000000,0.6246
1749258409,0.60920000,2233.00000000,0.6246
1749258409,0.60770000,115.00000000,0.6246
1749258409,0.60680000,9.00000000,0.6246
1749258409,0.60650000,146.00000000,0.6246
1749258409,0.60600000,16.00000000,0.6246
1749258409,0.60590000,326.00000000,0.6246
1749258409,0.60530000,20.00000000,0.6246
1749258409,0.60220000,16.00000000,0.6246
1749258409,0.60200000,231.00000000,0.6246
1749258409,0.60180000,232.00000000,0.6246
1749258409,0.60110000,18.00000000,0.6246
1749258409,0.60070000,10.00000000,0.6246
1749258409,0.60000000,1156.00000000,0.6246
1749258409,0.59990000,10.00000000,0.6246
1749258409,0.59920000,2201.00000000,0.6246
1749258409,0.59840000,16.00000000,0.6246
1749258409,0.59800000,836.00000000,0.6246
1749258409,0.59750000,41.00000000,0.6246
1749258409,0.59500000,15.00000000,0.6246
1749258409,0.59460000,1136.00000000,0.6246
1749258409,0.59370000,9.00000000,0.6246
1749258409,0.59310000,233.00000000,0.6246
1749258409,0.59300000,101.00000000,0.6246
1749258745,0.62350000,274.00000000,0.624
1749258745,0.62340000,474.00000000,0.624
1749258745,0.62330000,978.00000000,0.624
1749258745,0.62320000,2514.00000000,0.624
1749258745,0.62310000,1068.00000000,0.624
1749258745,0.62300000,2492.00000000,0.624
1749258745,0.62290000,2485.00000000,0.624
1749258745,0.62280000,3115.00000000,0.624
1749258745,0.62270000,2045.00000000,0.624
1749258745,0.62260000,1388.00000000,0.624
1749258745,0.62250000,4924.00000000,0.624
1749258745,0.62240000,4367.00000000,0.624
1749258745,0.62230000,4445.00000000,0.624
1749258745,0.62220000,5780.00000000,0.624
1749258745,0.62210000,413.00000000,0.624
1749258745,0.62200000,440.00000000,0.624
1749258745,0.62190000,3574.00000000,0.624
1749258745,0.62180000,2221.00000000,0.624
1749258745,0.62170000,4616.00000000,0.624
1749258745,0.62160000,3574.00000000,0.624
1749258745,0.62150000,400.00000000,0.624
1749258745,0.62130000,387.00000000,0.624
1749258745,0.62120000,7093.00000000,0.624
1749258745,0.62100000,427.00000000,0.624
1749258745,0.62090000,1302.00000000,0.624
1749258745,0.62070000,8900.00000000,0.624
1749258745,0.62060000,13.00000000,0.624
1749258745,0.62040000,387.00000000,0.624
1749258745,0.62030000,400.00000000,0.624
1749258745,0.62020000,607.00000000,0.624
1749258745,0.62010000,387.00000000,0.624
1749258745,0.62000000,53.00000000,0.624
1749258745,0.61990000,11739.00000000,0.624
1749258745,0.61980000,995.00000000,0.624
1749258745,0.61970000,13.00000000,0.624
1749258745,0.61960000,607.00000000,0.624
1749258745,0.61950000,387.00000000,0.624
1749258745,0.61940000,1007.00000000,0.624
1749258745,0.61930000,1299.00000000,0.624
1749258745,0.61910000,33.00000000,0.624
1749258745,0.61900000,427.00000000,0.624
1749258745,0.61880000,13.00000000,0.624
1749258745,0.61850000,13.00000000,0.624
1749258745,0.61820000,13.00000000,0.624
1749258745,0.61810000,8769.00000000,0.624
1749258745,0.61800000,2287.00000000,0.624
1749258745,0.61790000,13.00000000,0.624
1749258745,0.61770000,45.00000000,0.624
1749258745,0.61760000,13.00000000,0.624
1749258745,0.61740000,16.00000000,0.624
1749258745,0.61730000,928.00000000,0.624
1749258745,0.61700000,13.00000000,0.624
1749258745,0.61680000,14.00000000,0.624
1749258745,0.61670000,13.00000000,0.624
1749258745,0.61640000,13.00000000,0.624
1749258745,0.61610000,13.00000000,0.624
1749258745,0.61580000,13.00000000,0.624
1749258745,0.61550000,13.00000000,0.624
1749258745,0.61520000,13.00000000,0.624
1749258745,0.61510000,1988.00000000,0.624
1749258745,0.61500000,5296.00000000,0.624
1749258745,0.61490000,1126.00000000,0.624
1749258745,0.61460000,222.00000000,0.624
1749258745,0.61450000,20.00000000,0.624
1749258745,0.61430000,13.00000000,0.624
1749258745,0.61400000,13.00000000,0.624
1749258745,0.61370000,1626.00000000,0.624
1749258745,0.61360000,16.00000000,0.624
1749258745,0.61340000,13.00000000,0.624
1749258745,0.61310000,13.00000000,0.624
1749258745,0.61280000,13.00000000,0.624
1749258745,0.61260000,4108.00000000,0.624
1749258745,0.61100000,231.00000000,0.624
1749258745,0.61030000,2159.00000000,0.624
1749258745,0.60980000,16.00000000,0.624
1749258745,0.60770000,115.00000000,0.624
1749258745,0.60680000,9.00000000,0.624
1749258745,0.60650000,146.00000000,0.624
1749258745,0.60600000,16.00000000,0.624
1749258745,0.60560000,2181.00000000,0.624
1749258745,0.60530000,20.00000000,0.624
1749258745,0.60400000,327.00000000,0.624
1749258745,0.60220000,16.00000000,0.624
1749258745,0.60200000,231.00000000,0.624
1749258745,0.60180000,232.00000000,0.624
1749258745,0.60110000,18.00000000,0.624
1749258745,0.60100000,1080.00000000,0.624
1749258745,0.60070000,10.00000000,0.624
1749258745,0.60000000,1156.00000000,0.624
1749258745,0.59990000,10.00000000,0.624
1749258745,0.59840000,16.00000000,0.624
1749258745,0.59800000,836.00000000,0.624
1749258745,0.59750000,41.00000000,0.624
1749258745,0.59500000,15.00000000,0.624
1749258745,0.59460000,16.00000000,0.624
1749258745,0.59370000,9.00000000,0.624
1749258745,0.59310000,233.00000000,0.624
1749258745,0.59300000,101.00000000,0.624
1749258745,0.59090000,16.00000000,0.624
1749258745,0.59030000,34.00000000,0.624
1749259046,0.62200000,24.00000000,0.623
1749259046,0.62190000,74.00000000,0.623
1749259046,0.62180000,2606.00000000,0.623
1749259046,0.62170000,7833.00000000,0.623
1749259046,0.62160000,2623.00000000,0.623
1749259046,0.62150000,2391.00000000,0.623
1749259046,0.62140000,2039.00000000,0.623
1749259046,0.62130000,3124.00000000,0.623
1749259046,0.62120000,5054.00000000,0.623
1749259046,0.62110000,3755.00000000,0.623
1749259046,0.62100000,4341.00000000,0.623
1749259046,0.62090000,1953.00000000,0.623
1749259046,0.62080000,400.00000000,0.623
1749259046,0.62070000,1928.00000000,0.623
1749259046,0.62060000,3639.00000000,0.623
1749259046,0.62050000,4616.00000000,0.623
1749259046,0.62040000,2507.00000000,0.623
1749259046,0.62030000,400.00000000,0.623
1749259046,0.62010000,387.00000000,0.623
1749259046,0.62000000,7346.00000000,0.623
1749259046,0.61980000,387.00000000,0.623
1749259046,0.61970000,13.00000000,0.623
1749259046,0.61960000,387.00000000,0.623
1749259046,0.61940000,13.00000000,0.623
1749259046,0.61930000,8513.00000000,0.623
1749259046,0.61910000,420.00000000,0.623
1749259046,0.61900000,11693.00000000,0.623
1749259046,0.61890000,387.00000000,0.623
1749259046,0.61880000,1312.00000000,0.623
1749259046,0.61850000,13.00000000,0.623
1749259046,0.61830000,995.00000000,0.623
1749259046,0.61820000,1008.00000000,0.623
1749259046,0.61800000,418.00000000,0.623
1749259046,0.61790000,13.00000000,0.623
1749259046,0.61770000,653.00000000,0.623
1749259046,0.61760000,400.00000000,0.623
1749259046,0.61740000,16.00000000,0.623
1749259046,0.61730000,400.00000000,0.623
1749259046,0.61700000,53.00000000,0.623
1749259046,0.61690000,2635.00000000,0.623
1749259046,0.61670000,13.00000000,0.623
1749259046,0.61660000,8769.00000000,0.623
1749259046,0.61640000,1125.00000000,0.623
1749259046,0.61610000,27.00000000,0.623
1749259046,0.61600000,40.00000000,0.623
1749259046,0.61590000,208.00000000,0.623
1749259046,0.61580000,13.00000000,0.623
1749259046,0.61550000,13.00000000,0.623
1749259046,0.61520000,13.00000000,0.623
1749259046,0.61510000,1988.00000000,0.623
1749259046,0.61500000,5296.00000000,0.623
1749259046,0.61490000,13.00000000,0.623
1749259046,0.61470000,918.00000000,0.623
1749259046,0.61460000,13.00000000,0.623
1749259046,0.61450000,20.00000000,0.623
1749259046,0.61430000,13.00000000,0.623
1749259046,0.61400000,13.00000000,0.623
1749259046,0.61370000,1626.00000000,0.623
1749259046,0.61360000,16.00000000,0.623
1749259046,0.61340000,13.00000000,0.623
1749259046,0.61310000,1017.00000000,0.623
1749259046,0.61280000,13.00000000,0.623
1749259046,0.61270000,4185.00000000,0.623
1749259046,0.61100000,231.00000000,0.623
1749259046,0.61030000,2159.00000000,0.623
1749259046,0.60980000,16.00000000,0.623
1749259046,0.60770000,115.00000000,0.623
1749259046,0.60680000,9.00000000,0.623
1749259046,0.60650000,146.00000000,0.623
1749259046,0.60600000,16.00000000,0.623
1749259046,0.60560000,2181.00000000,0.623
1749259046,0.60530000,20.00000000,0.623
1749259046,0.60460000,330.00000000,0.623
1749259046,0.60220000,16.00000000,0.623
1749259046,0.60200000,231.00000000,0.623
1749259046,0.60180000,232.00000000,0.623
1749259046,0.60110000,18.00000000,0.623
1749259046,0.60100000,1080.00000000,0.623
1749259046,0.60070000,10.00000000,0.623
1749259046,0.60000000,1156.00000000,0.623
1749259046,0.59990000,10.00000000,0.623
1749259046,0.59840000,16.00000000,0.623
1749259046,0.59800000,836.00000000,0.623
1749259046,0.59750000,41.00000000,0.623
1749259046,0.59500000,15.00000000,0.623
1749259046,0.59460000,16.00000000,0.623
1749259046,0.59370000,9.00000000,0.623
1749259046,0.59310000,233.00000000,0.623
1749259046,0.59300000,101.00000000,0.623
1749259046,0.59090000,16.00000000,0.623
1749259046,0.59030000,34.00000000,0.623
1749259046,0.58990000,10.00000000,0.623
1749259046,0.58880000,177.00000000,0.623
1749259046,0.58800000,9.00000000,0.623
1749259046,0.58710000,16.00000000,0.623
1749259046,0.58440000,31.00000000,0.623
1749259046,0.58380000,238.00000000,0.623
1749259046,0.58340000,15.00000000,0.623
1749259046,0.58330000,16.00000000,0.623
1749259046,0.58270000,50.00000000,0.623
