timestamp,price,volume,current_price
1749258259,369.10000000,0.52180000,369.2
1749258259,369.00000000,12.78550000,369.2
1749258259,368.90000000,42.75800000,369.2
1749258259,368.80000000,83.73260000,369.2
1749258259,368.70000000,48.49570000,369.2
1749258259,368.60000000,113.46650000,369.2
1749258259,368.50000000,249.80540000,369.2
1749258259,368.40000000,55.68590000,369.2
1749258259,368.30000000,80.54830000,369.2
1749258259,368.20000000,101.36550000,369.2
1749258259,368.10000000,62.30810000,369.2
1749258259,368.00000000,75.94420000,369.2
1749258259,367.90000000,29.60820000,369.2
1749258259,367.80000000,185.97740000,369.2
1749258259,367.70000000,78.94580000,369.2
1749258259,367.60000000,26.19570000,369.2
1749258259,367.50000000,8.85530000,369.2
1749258259,367.40000000,5.07400000,369.2
1749258259,367.30000000,11.75330000,369.2
1749258259,367.20000000,94.30750000,369.2
1749258259,367.10000000,13.45590000,369.2
1749258259,367.00000000,5.06030000,369.2
1749258259,366.90000000,13.79080000,369.2
1749258259,366.80000000,7.05760000,369.2
1749258259,366.70000000,8.11650000,369.2
1749258259,366.60000000,6.31120000,369.2
1749258259,366.50000000,9.37360000,369.2
1749258259,366.40000000,5.06990000,369.2
1749258259,366.30000000,9.41180000,369.2
1749258259,366.20000000,29.28400000,369.2
1749258259,366.10000000,9.40950000,369.2
1749258259,366.00000000,8.07540000,369.2
1749258259,365.90000000,84.15960000,369.2
1749258259,365.80000000,109.11600000,369.2
1749258259,365.70000000,9.44330000,369.2
1749258259,365.60000000,5.09650000,369.2
1749258259,365.50000000,28.96000000,369.2
1749258259,365.40000000,5.06490000,369.2
1749258259,365.30000000,5.61190000,369.2
1749258259,365.20000000,5.09860000,369.2
1749258259,365.10000000,9.42150000,369.2
1749258259,365.00000000,18.24850000,369.2
1749258259,364.90000000,4.77480000,369.2
1749258259,364.80000000,2.04500000,369.2
1749258259,364.70000000,8.95550000,369.2
1749258259,364.60000000,0.76620000,369.2
1749258259,364.50000000,4.40330000,369.2
1749258259,364.40000000,21.68020000,369.2
1749258259,364.30000000,4.39320000,369.2
1749258259,364.20000000,0.12740000,369.2
1749258259,364.10000000,0.02710000,369.2
1749258259,364.00000000,5.78780000,369.2
1749258259,363.90000000,8.49590000,369.2
1749258259,363.80000000,0.09300000,369.2
1749258259,363.70000000,4.46230000,369.2
1749258259,363.60000000,3.43960000,369.2
1749258259,363.50000000,0.24600000,369.2
1749258259,363.40000000,4.44030000,369.2
1749258259,363.30000000,0.05680000,369.2
1749258259,363.20000000,0.65350000,369.2
1749258259,363.10000000,0.04280000,369.2
1749258259,363.00000000,2.66350000,369.2
1749258259,362.90000000,0.57160000,369.2
1749258259,362.80000000,44.11160000,369.2
1749258259,362.70000000,2.14930000,369.2
1749258259,362.60000000,0.09040000,369.2
1749258259,362.50000000,0.44820000,369.2
1749258259,362.40000000,0.09420000,369.2
1749258259,362.30000000,0.11350000,369.2
1749258259,362.20000000,355.94060000,369.2
1749258259,362.10000000,0.18290000,369.2
1749258259,362.00000000,1.82210000,369.2
1749258259,361.90000000,0.02710000,369.2
1749258259,361.80000000,1.28850000,369.2
1749258259,361.70000000,0.07290000,369.2
1749258259,361.60000000,0.50220000,369.2
1749258259,361.50000000,1.37070000,369.2
1749258259,361.40000000,0.13630000,369.2
1749258259,361.30000000,0.08400000,369.2
1749258259,361.20000000,59.47720000,369.2
1749258259,361.10000000,3.44320000,369.2
1749258259,361.00000000,3.08620000,369.2
1749258259,360.90000000,0.02420000,369.2
1749258259,360.80000000,0.05540000,369.2
1749258259,360.70000000,0.27720000,369.2
1749258259,360.60000000,0.69150000,369.2
1749258259,360.50000000,0.50000000,369.2
1749258259,360.30000000,0.22280000,369.2
1749258259,360.20000000,0.44750000,369.2
1749258259,360.10000000,17.82320000,369.2
1749258259,360.00000000,55.33750000,369.2
1749258259,359.90000000,0.06690000,369.2
1749258259,359.80000000,4.23510000,369.2
1749258259,359.70000000,0.06980000,369.2
1749258259,359.60000000,0.18580000,369.2
1749258259,359.30000000,0.08340000,369.2
1749258259,359.20000000,0.02000000,369.2
1749258259,359.00000000,1.61920000,369.2
1749258259,358.70000000,0.03050000,369.2
1749258259,358.60000000,1.36170000,369.2
1749258572,370.10000000,10.75620000,370.2
1749258572,370.00000000,12.61850000,370.2
1749258572,369.90000000,43.97660000,370.2
1749258572,369.80000000,141.45120000,370.2
1749258572,369.70000000,131.95110000,370.2
1749258572,369.60000000,85.92550000,370.2
1749258572,369.50000000,195.44140000,370.2
1749258572,369.40000000,96.15100000,370.2
1749258572,369.30000000,20.58430000,370.2
1749258572,369.20000000,113.41550000,370.2
1749258572,369.10000000,31.07590000,370.2
1749258572,369.00000000,10.61850000,370.2
1749258572,368.90000000,8.26820000,370.2
1749258572,368.80000000,5.06440000,370.2
1749258572,368.70000000,26.84580000,370.2
1749258572,368.60000000,127.90330000,370.2
1749258572,368.50000000,13.37490000,370.2
1749258572,368.40000000,11.96860000,370.2
1749258572,368.30000000,16.94480000,370.2
1749258572,368.20000000,90.48180000,370.2
1749258572,368.10000000,23.94360000,370.2
1749258572,368.00000000,5.05150000,370.2
1749258572,367.90000000,9.38980000,370.2
1749258572,367.80000000,79.04570000,370.2
1749258572,367.70000000,5.42830000,370.2
1749258572,367.60000000,6.13140000,370.2
1749258572,367.50000000,11.14060000,370.2
1749258572,367.40000000,6.88820000,370.2
1749258572,367.30000000,11.75330000,370.2
1749258572,367.20000000,94.30750000,370.2
1749258572,367.10000000,15.55490000,370.2
1749258572,367.00000000,5.04530000,370.2
1749258572,366.90000000,12.41330000,370.2
1749258572,366.80000000,114.85950000,370.2
1749258572,366.70000000,6.28430000,370.2
1749258572,366.60000000,12.19800000,370.2
1749258572,366.50000000,9.37360000,370.2
1749258572,366.40000000,5.06990000,370.2
1749258572,366.30000000,9.44230000,370.2
1749258572,366.20000000,28.24900000,370.2
1749258572,366.10000000,8.37450000,370.2
1749258572,366.00000000,7.04040000,370.2
1749258572,365.90000000,76.99080000,370.2
1749258572,365.80000000,23.57070000,370.2
1749258572,365.70000000,8.76020000,370.2
1749258572,365.60000000,4.09280000,370.2
1749258572,365.50000000,8.40790000,370.2
1749258572,365.40000000,4.02990000,370.2
1749258572,365.30000000,13.42430000,370.2
1749258572,365.20000000,4.04760000,370.2
1749258572,365.10000000,8.38650000,370.2
1749258572,365.00000000,14.38800000,370.2
1749258572,364.90000000,4.42220000,370.2
1749258572,364.80000000,10.26860000,370.2
1749258572,364.70000000,8.95550000,370.2
1749258572,364.60000000,0.76620000,370.2
1749258572,364.50000000,4.40330000,370.2
1749258572,364.40000000,21.68020000,370.2
1749258572,364.30000000,4.39320000,370.2
1749258572,364.20000000,0.12740000,370.2
1749258572,364.10000000,0.02710000,370.2
1749258572,364.00000000,5.78780000,370.2
1749258572,363.90000000,0.25200000,370.2
1749258572,363.80000000,0.09300000,370.2
1749258572,363.70000000,0.11030000,370.2
1749258572,363.60000000,3.43960000,370.2
1749258572,363.50000000,0.24600000,370.2
1749258572,363.40000000,0.08830000,370.2
1749258572,363.30000000,0.05680000,370.2
1749258572,363.20000000,0.65350000,370.2
1749258572,363.10000000,0.15300000,370.2
1749258572,363.00000000,350.94450000,370.2
1749258572,362.90000000,0.57160000,370.2
1749258572,362.80000000,44.11160000,370.2
1749258572,362.70000000,2.14930000,370.2
1749258572,362.60000000,0.09040000,370.2
1749258572,362.50000000,0.42110000,370.2
1749258572,362.40000000,54.13280000,370.2
1749258572,362.30000000,0.08640000,370.2
1749258572,362.20000000,4.18090000,370.2
1749258572,362.10000000,0.04550000,370.2
1749258572,362.00000000,1.79500000,370.2
1749258572,361.80000000,1.24090000,370.2
1749258572,361.70000000,0.04580000,370.2
1749258572,361.60000000,0.45450000,370.2
1749258572,361.50000000,1.37070000,370.2
1749258572,361.40000000,0.13630000,370.2
1749258572,361.30000000,0.08400000,370.2
1749258572,361.20000000,5.23400000,370.2
1749258572,361.10000000,3.44320000,370.2
1749258572,361.00000000,3.08620000,370.2
1749258572,360.90000000,0.02420000,370.2
1749258572,360.80000000,0.05540000,370.2
1749258572,360.70000000,0.27720000,370.2
1749258572,360.60000000,0.69150000,370.2
1749258572,360.50000000,0.50000000,370.2
1749258572,360.30000000,0.22280000,370.2
1749258572,360.20000000,0.53080000,370.2
1749258572,360.10000000,17.73990000,370.2
1749258572,360.00000000,55.33750000,370.2
1749258887,370.20000000,6.00940000,370.3
1749258887,370.10000000,27.95850000,370.3
1749258887,370.00000000,70.57230000,370.3
1749258887,369.90000000,120.60290000,370.3
1749258887,369.80000000,58.33800000,370.3
1749258887,369.70000000,137.95780000,370.3
1749258887,369.60000000,170.71290000,370.3
1749258887,369.50000000,115.36240000,370.3
1749258887,369.40000000,89.68900000,370.3
1749258887,369.30000000,64.59840000,370.3
1749258887,369.20000000,52.91390000,370.3
1749258887,369.10000000,26.87220000,370.3
1749258887,369.00000000,125.01570000,370.3
1749258887,368.90000000,44.81140000,370.3
1749258887,368.80000000,57.90960000,370.3
1749258887,368.70000000,10.68990000,370.3
1749258887,368.60000000,76.60580000,370.3
1749258887,368.50000000,9.92370000,370.3
1749258887,368.40000000,9.72070000,370.3
1749258887,368.30000000,15.56790000,370.3
1749258887,368.20000000,25.18440000,370.3
1749258887,368.10000000,11.62720000,370.3
1749258887,368.00000000,5.05150000,370.3
1749258887,367.90000000,9.38980000,370.3
1749258887,367.80000000,7.42030000,370.3
1749258887,367.70000000,9.77890000,370.3
1749258887,367.60000000,90.73920000,370.3
1749258887,367.50000000,11.14060000,370.3
1749258887,367.40000000,5.56440000,370.3
1749258887,367.30000000,13.89830000,370.3
1749258887,367.20000000,5.10470000,370.3
1749258887,367.10000000,15.57050000,370.3
1749258887,367.00000000,5.04530000,370.3
1749258887,366.90000000,124.50670000,370.3
1749258887,366.80000000,7.05760000,370.3
1749258887,366.70000000,9.50730000,370.3
1749258887,366.60000000,8.16550000,370.3
1749258887,366.50000000,78.94200000,370.3
1749258887,366.40000000,5.06990000,370.3
1749258887,366.30000000,9.44230000,370.3
1749258887,366.20000000,28.24900000,370.3
1749258887,366.10000000,8.37450000,370.3
1749258887,366.00000000,7.04040000,370.3
1749258887,365.90000000,8.35810000,370.3
1749258887,365.80000000,2.06780000,370.3
1749258887,365.70000000,4.78040000,370.3
1749258887,365.60000000,0.09590000,370.3
1749258887,365.50000000,23.94200000,370.3
1749258887,365.40000000,1.46700000,370.3
1749258887,365.30000000,21.63660000,370.3
1749258887,365.20000000,0.06350000,370.3
1749258887,365.10000000,4.39910000,370.3
1749258887,365.00000000,14.34700000,370.3
1749258887,364.90000000,4.42220000,370.3
1749258887,364.80000000,0.90180000,370.3
1749258887,364.70000000,53.02750000,370.3
1749258887,364.60000000,0.76620000,370.3
1749258887,364.50000000,4.40330000,370.3
1749258887,364.40000000,20.25730000,370.3
1749258887,364.30000000,0.04120000,370.3
1749258887,364.20000000,0.12740000,370.3
1749258887,364.10000000,0.02710000,370.3
1749258887,364.00000000,1.31800000,370.3
1749258887,363.90000000,0.25200000,370.3
1749258887,363.80000000,0.09300000,370.3
1749258887,363.70000000,0.11030000,370.3
1749258887,363.60000000,3.43960000,370.3
1749258887,363.50000000,0.24600000,370.3
1749258887,363.40000000,0.08830000,370.3
1749258887,363.30000000,0.16690000,370.3
1749258887,363.20000000,351.19490000,370.3
1749258887,363.10000000,0.04280000,370.3
1749258887,363.00000000,2.73170000,370.3
1749258887,362.90000000,0.57150000,370.3
1749258887,362.80000000,5.54610000,370.3
1749258887,362.70000000,2.14930000,370.3
1749258887,362.60000000,0.06330000,370.3
1749258887,362.50000000,0.42110000,370.3
1749258887,362.40000000,54.12260000,370.3
1749258887,362.30000000,0.08640000,370.3
1749258887,362.20000000,4.16040000,370.3
1749258887,362.10000000,0.04550000,370.3
1749258887,362.00000000,1.77450000,370.3
1749258887,361.90000000,17.63120000,370.3
1749258887,361.80000000,1.17190000,370.3
1749258887,361.70000000,0.04580000,370.3
1749258887,361.60000000,0.45450000,370.3
1749258887,361.50000000,0.53050000,370.3
1749258887,361.40000000,0.13630000,370.3
1749258887,361.30000000,0.08400000,370.3
1749258887,361.10000000,3.44320000,370.3
1749258887,361.00000000,3.08620000,370.3
1749258887,360.90000000,0.02420000,370.3
1749258887,360.80000000,0.05540000,370.3
1749258887,360.70000000,0.27720000,370.3
1749258887,360.60000000,0.69150000,370.3
1749258887,360.50000000,0.50000000,370.3
1749258887,360.30000000,0.22280000,370.3
1749258887,360.20000000,0.44750000,370.3
1749258887,360.10000000,0.10360000,370.3
1749259189,368.70000000,11.89800000,368.7
1749259189,368.60000000,18.96850000,368.7
1749259189,368.50000000,45.90170000,368.7
1749259189,368.40000000,106.67600000,368.7
1749259189,368.30000000,62.73010000,368.7
1749259189,368.20000000,138.97440000,368.7
1749259189,368.10000000,179.48080000,368.7
1749259189,368.00000000,111.81290000,368.7
1749259189,367.90000000,107.79090000,368.7
1749259189,367.80000000,27.03780000,368.7
1749259189,367.70000000,80.50900000,368.7
1749259189,367.60000000,48.67530000,368.7
1749259189,367.50000000,10.22050000,368.7
1749259189,367.40000000,250.70840000,368.7
1749259189,367.30000000,9.94970000,368.7
1749259189,367.20000000,22.86410000,368.7
1749259189,367.10000000,99.13930000,368.7
1749259189,367.00000000,5.06030000,368.7
1749259189,366.90000000,13.81960000,368.7
1749259189,366.80000000,9.24360000,368.7
1749259189,366.70000000,9.50730000,368.7
1749259189,366.60000000,8.23320000,368.7
1749259189,366.50000000,11.64090000,368.7
1749259189,366.40000000,5.06990000,368.7
1749259189,366.30000000,13.94440000,368.7
1749259189,366.20000000,10.20990000,368.7
1749259189,366.10000000,9.40950000,368.7
1749259189,366.00000000,8.07540000,368.7
1749259189,365.90000000,12.37560000,368.7
1749259189,365.80000000,7.05420000,368.7
1749259189,365.70000000,9.42280000,368.7
1749259189,365.60000000,74.75880000,368.7
1749259189,365.50000000,5.45990000,368.7
1749259189,365.40000000,105.59710000,368.7
1749259189,365.30000000,14.45930000,368.7
1749259189,365.20000000,20.64770000,368.7
1749259189,365.10000000,4.41960000,368.7
1749259189,365.00000000,14.34700000,368.7
1749259189,364.90000000,4.77480000,368.7
1749259189,364.80000000,2.06100000,368.7
1749259189,364.70000000,53.02750000,368.7
1749259189,364.60000000,0.76620000,368.7
1749259189,364.50000000,4.40330000,368.7
1749259189,364.40000000,2.10410000,368.7
1749259189,364.30000000,3.21970000,368.7
1749259189,364.20000000,0.12740000,368.7
1749259189,364.10000000,0.02710000,368.7
1749259189,364.00000000,1.31800000,368.7
1749259189,363.90000000,0.25200000,368.7
1749259189,363.80000000,8.33920000,368.7
1749259189,363.70000000,0.11030000,368.7
1749259189,363.60000000,23.05870000,368.7
1749259189,363.50000000,0.24600000,368.7
1749259189,363.40000000,0.08830000,368.7
1749259189,363.30000000,0.05680000,368.7
1749259189,363.20000000,0.65350000,368.7
1749259189,363.10000000,0.04280000,368.7
1749259189,363.00000000,2.66350000,368.7
1749259189,362.90000000,0.57150000,368.7
1749259189,362.80000000,0.18680000,368.7
1749259189,362.70000000,2.14930000,368.7
1749259189,362.60000000,0.09040000,368.7
1749259189,362.50000000,0.44820000,368.7
1749259189,362.40000000,0.09420000,368.7
1749259189,362.30000000,0.11350000,368.7
1749259189,362.20000000,4.18750000,368.7
1749259189,362.10000000,0.07260000,368.7
1749259189,362.00000000,0.23640000,368.7
1749259189,361.90000000,17.76840000,368.7
1749259189,361.80000000,1.26750000,368.7
1749259189,361.70000000,0.07290000,368.7
1749259189,361.60000000,350.88270000,368.7
1749259189,361.50000000,0.55760000,368.7
1749259189,361.40000000,0.18410000,368.7
1749259189,361.30000000,0.11120000,368.7
1749259189,361.20000000,5.30860000,368.7
1749259189,361.10000000,3.44320000,368.7
1749259189,361.00000000,3.08620000,368.7
1749259189,360.90000000,0.02420000,368.7
1749259189,360.80000000,0.05540000,368.7
1749259189,360.70000000,1.11740000,368.7
1749259189,360.60000000,0.69150000,368.7
1749259189,360.50000000,0.50000000,368.7
1749259189,360.30000000,0.22280000,368.7
1749259189,360.20000000,0.44750000,368.7
1749259189,360.10000000,0.02030000,368.7
1749259189,360.00000000,111.80660000,368.7
1749259189,359.90000000,0.06690000,368.7
1749259189,359.80000000,4.23510000,368.7
1749259189,359.70000000,0.06980000,368.7
1749259189,359.60000000,0.18580000,368.7
1749259189,359.30000000,0.08340000,368.7
1749259189,359.20000000,0.10330000,368.7
1749259189,359.10000000,17.31580000,368.7
1749259189,359.00000000,1.61920000,368.7
1749259189,358.70000000,0.03050000,368.7
1749259189,358.60000000,1.36170000,368.7
1749259189,358.50000000,4.33390000,368.7
1749259189,358.40000000,0.18480000,368.7
1749259189,358.30000000,0.50650000,368.7
