timestamp,price,volume,current_price
1749254490,367.50000000,5.63610000,367.6
1749254490,367.40000000,22.76330000,367.6
1749254490,367.30000000,48.50960000,367.6
1749254490,367.20000000,39.24760000,367.6
1749254490,367.10000000,140.09290000,367.6
1749254490,367.00000000,214.83500000,367.6
1749254490,366.90000000,44.92140000,367.6
1749254490,366.80000000,80.08380000,367.6
1749254490,366.70000000,117.60740000,367.6
1749254490,366.60000000,33.90620000,367.6
1749254490,366.50000000,74.70880000,367.6
1749254490,366.40000000,148.25310000,367.6
1749254490,366.30000000,61.14540000,367.6
1749254490,366.20000000,8.48220000,367.6
1749254490,366.10000000,61.40390000,367.6
1749254490,366.00000000,62.00310000,367.6
1749254490,365.90000000,9.41240000,367.6
1749254490,365.80000000,92.10060000,367.6
1749254490,365.70000000,10.81940000,367.6
1749254490,365.60000000,7.20300000,367.6
1749254490,365.50000000,10.00430000,367.6
1749254490,365.40000000,5.58040000,367.6
1749254490,365.30000000,13.08450000,367.6
1749254490,365.20000000,9.52410000,367.6
1749254490,365.10000000,103.87330000,367.6
1749254490,365.00000000,55.30480000,367.6
1749254490,364.90000000,9.44460000,367.6
1749254490,364.80000000,5.08370000,367.6
1749254490,364.70000000,9.61070000,367.6
1749254490,364.60000000,9.13440000,367.6
1749254490,364.50000000,6.14900000,367.6
1749254490,364.40000000,8.73920000,367.6
1749254490,364.30000000,8.36860000,367.6
1749254490,364.20000000,12.87290000,367.6
1749254490,364.10000000,4.84270000,367.6
1749254490,364.00000000,5.68600000,367.6
1749254490,363.90000000,0.25200000,367.6
1749254490,363.80000000,72.53600000,367.6
1749254490,363.70000000,10.98940000,367.6
1749254490,363.60000000,7.79460000,367.6
1749254490,363.50000000,0.36850000,367.6
1749254490,363.40000000,4.44030000,367.6
1749254490,363.30000000,0.05680000,367.6
1749254490,363.20000000,2.96050000,367.6
1749254490,363.10000000,4.39480000,367.6
1749254490,363.00000000,2.66350000,367.6
1749254490,362.90000000,0.57160000,367.6
1749254490,362.80000000,6.71080000,367.6
1749254490,362.70000000,6.81370000,367.6
1749254490,362.60000000,10.35890000,367.6
1749254490,362.50000000,0.44820000,367.6
1749254490,362.40000000,0.09420000,367.6
1749254490,362.30000000,45.42800000,367.6
1749254490,362.20000000,4.20800000,367.6
1749254490,362.10000000,0.07260000,367.6
1749254490,362.00000000,1.82210000,367.6
1749254490,361.90000000,0.86730000,367.6
1749254490,361.80000000,1.21950000,367.6
1749254490,361.70000000,0.07290000,367.6
1749254490,361.60000000,0.48160000,367.6
1749254490,361.50000000,0.55760000,367.6
1749254490,361.40000000,20.08610000,367.6
1749254490,361.30000000,0.11120000,367.6
1749254490,361.20000000,0.05550000,367.6
1749254490,361.10000000,3.47040000,367.6
1749254490,361.00000000,3.11340000,367.6
1749254490,360.90000000,0.05140000,367.6
1749254490,360.80000000,0.08260000,367.6
1749254490,360.70000000,0.02720000,367.6
1749254490,360.60000000,0.02720000,367.6
1749254490,360.50000000,0.52720000,367.6
1749254490,360.40000000,0.02720000,367.6
1749254490,360.30000000,0.25000000,367.6
1749254490,360.20000000,0.47470000,367.6
1749254490,360.10000000,5.16830000,367.6
1749254490,360.00000000,68.27700000,367.6
1749254490,359.90000000,0.06690000,367.6
1749254490,359.80000000,9.54610000,367.6
1749254490,359.70000000,0.06980000,367.6
1749254490,359.60000000,0.18580000,367.6
1749254490,359.50000000,16.85660000,367.6
1749254490,359.30000000,0.08340000,367.6
1749254490,359.20000000,0.02000000,367.6
1749254490,359.00000000,1.61920000,367.6
1749254490,358.80000000,54.42920000,367.6
1749254490,358.70000000,0.03050000,367.6
1749254490,358.60000000,1.22780000,367.6
1749254490,358.50000000,4.18110000,367.6
1749254490,358.40000000,0.03200000,367.6
1749254490,358.30000000,0.41820000,367.6
1749254490,358.20000000,0.04630000,367.6
1749254490,358.10000000,20.18200000,367.6
1749254490,358.00000000,4.72120000,367.6
1749254490,357.90000000,7.10010000,367.6
1749254490,357.80000000,0.03530000,367.6
1749254490,357.60000000,0.11720000,367.6
1749254490,357.50000000,0.02480000,367.6
1749254490,357.40000000,4.68920000,367.6
1749254490,357.30000000,0.71540000,367.6
1749254490,357.20000000,0.17770000,367.6
1749254796,367.20000000,3.16930000,367.2
1749254796,367.10000000,15.85610000,367.2
1749254796,367.00000000,27.42330000,367.2
1749254796,366.90000000,72.21540000,367.2
1749254796,366.80000000,47.73870000,367.2
1749254796,366.70000000,129.22810000,367.2
1749254796,366.60000000,141.29430000,367.2
1749254796,366.50000000,119.90070000,367.2
1749254796,366.40000000,110.00170000,367.2
1749254796,366.30000000,124.93520000,367.2
1749254796,366.20000000,149.80580000,367.2
1749254796,366.10000000,57.42950000,367.2
1749254796,366.00000000,183.90510000,367.2
1749254796,365.90000000,9.41240000,367.2
1749254796,365.80000000,92.10060000,367.2
1749254796,365.70000000,10.81940000,367.2
1749254796,365.60000000,7.74610000,367.2
1749254796,365.50000000,11.29750000,367.2
1749254796,365.40000000,6.15940000,367.2
1749254796,365.30000000,12.50540000,367.2
1749254796,365.20000000,9.52410000,367.2
1749254796,365.10000000,101.62680000,367.2
1749254796,365.00000000,55.20770000,367.2
1749254796,364.90000000,9.85290000,367.2
1749254796,364.80000000,5.08370000,367.2
1749254796,364.70000000,9.61070000,367.2
1749254796,364.60000000,10.16940000,367.2
1749254796,364.50000000,7.18400000,367.2
1749254796,364.40000000,4.68240000,367.2
1749254796,364.30000000,8.36860000,367.2
1749254796,364.20000000,14.58970000,367.2
1749254796,364.10000000,4.84270000,367.2
1749254796,364.00000000,5.80380000,367.2
1749254796,363.90000000,107.91070000,367.2
1749254796,363.80000000,72.53600000,367.2
1749254796,363.70000000,12.37670000,367.2
1749254796,363.60000000,7.79460000,367.2
1749254796,363.50000000,0.24600000,367.2
1749254796,363.40000000,8.76610000,367.2
1749254796,363.30000000,2.34830000,367.2
1749254796,363.20000000,0.66950000,367.2
1749254796,363.10000000,4.39480000,367.2
1749254796,363.00000000,2.66350000,367.2
1749254796,362.90000000,0.57160000,367.2
1749254796,362.80000000,6.71080000,367.2
1749254796,362.70000000,6.81370000,367.2
1749254796,362.60000000,10.35890000,367.2
1749254796,362.50000000,0.44820000,367.2
1749254796,362.40000000,0.93440000,367.2
1749254796,362.30000000,45.41020000,367.2
1749254796,362.20000000,4.20800000,367.2
1749254796,362.10000000,0.07260000,367.2
1749254796,362.00000000,1.82210000,367.2
1749254796,361.90000000,0.02710000,367.2
1749254796,361.80000000,1.21950000,367.2
1749254796,361.70000000,0.07290000,367.2
1749254796,361.60000000,0.48160000,367.2
1749254796,361.50000000,0.55760000,367.2
1749254796,361.40000000,20.08610000,367.2
1749254796,361.30000000,0.11120000,367.2
1749254796,361.20000000,0.05550000,367.2
1749254796,361.10000000,3.47040000,367.2
1749254796,361.00000000,3.11340000,367.2
1749254796,360.90000000,0.05140000,367.2
1749254796,360.80000000,0.08260000,367.2
1749254796,360.70000000,0.02720000,367.2
1749254796,360.60000000,0.02720000,367.2
1749254796,360.50000000,0.52720000,367.2
1749254796,360.40000000,0.13800000,367.2
1749254796,360.30000000,366.19180000,367.2
1749254796,360.20000000,0.47470000,367.2
1749254796,360.10000000,5.05750000,367.2
1749254796,360.00000000,68.27700000,367.2
1749254796,359.90000000,0.09420000,367.2
1749254796,359.80000000,9.57340000,367.2
1749254796,359.70000000,0.09710000,367.2
1749254796,359.60000000,0.18580000,367.2
1749254796,359.50000000,16.85660000,367.2
1749254796,359.30000000,0.08340000,367.2
1749254796,359.20000000,0.02000000,367.2
1749254796,359.00000000,1.61920000,367.2
1749254796,358.80000000,54.42920000,367.2
1749254796,358.70000000,0.03050000,367.2
1749254796,358.60000000,1.22780000,367.2
1749254796,358.50000000,4.18110000,367.2
1749254796,358.40000000,0.03200000,367.2
1749254796,358.30000000,0.41820000,367.2
1749254796,358.20000000,0.13010000,367.2
1749254796,358.10000000,20.18200000,367.2
1749254796,358.00000000,4.72120000,367.2
1749254796,357.90000000,7.10010000,367.2
1749254796,357.80000000,0.03530000,367.2
1749254796,357.60000000,0.11720000,367.2
1749254796,357.50000000,0.02480000,367.2
1749254796,357.40000000,4.34440000,367.2
1749254796,357.30000000,0.71540000,367.2
1749254796,357.20000000,0.52270000,367.2
1749254796,357.10000000,0.48600000,367.2
1749254796,357.00000000,79.70530000,367.2
1749254796,356.90000000,0.76500000,367.2
