timestamp,price,volume,current_price
1749258449,0.03386000,8999.00000000,0.03386
1749258449,0.03383000,2547.00000000,0.03386
1749258449,0.03382000,6961.00000000,0.03386
1749258449,0.03381000,5869.00000000,0.03386
1749258449,0.03380000,9935.00000000,0.03386
1749258449,0.03379000,252588.00000000,0.03386
1749258449,0.03377000,11783.00000000,0.03386
1749258449,0.03376000,150351.00000000,0.03386
1749258449,0.03375000,51206.00000000,0.03386
1749258449,0.03374000,35719.00000000,0.03386
1749258449,0.03373000,17721.00000000,0.03386
1749258449,0.03372000,133461.00000000,0.03386
1749258449,0.03371000,58583.00000000,0.03386
1749258449,0.03370000,20286.00000000,0.03386
1749258449,0.03369000,14978.00000000,0.03386
1749258449,0.03368000,13542.00000000,0.03386
1749258449,0.03367000,13521.00000000,0.03386
1749258449,0.03366000,36789.00000000,0.03386
1749258449,0.03365000,16523.00000000,0.03386
1749258449,0.03364000,34830.00000000,0.03386
1749258449,0.03363000,337532.00000000,0.03386
1749258449,0.03362000,15957.00000000,0.03386
1749258449,0.03361000,52669.00000000,0.03386
1749258449,0.03360000,87700.00000000,0.03386
1749258449,0.03359000,20021.00000000,0.03386
1749258449,0.03358000,1553.00000000,0.03386
1749258449,0.03357000,1553.00000000,0.03386
1749258449,0.03356000,1539.00000000,0.03386
1749258449,0.03355000,21364.00000000,0.03386
1749258449,0.03354000,31497.00000000,0.03386
1749258449,0.03353000,39720.00000000,0.03386
1749258449,0.03352000,26352.00000000,0.03386
1749258449,0.03351000,19490.00000000,0.03386
1749258449,0.03350000,33267.00000000,0.03386
1749258449,0.03349000,15736.00000000,0.03386
1749258449,0.03348000,4981.00000000,0.03386
1749258449,0.03347000,16544.00000000,0.03386
1749258449,0.03346000,16232.00000000,0.03386
1749258449,0.03343000,209.00000000,0.03386
1749258449,0.03342000,19780.00000000,0.03386
1749258449,0.03340000,19828.00000000,0.03386
1749258449,0.03339000,8056.00000000,0.03386
1749258449,0.03338000,57.00000000,0.03386
1749258449,0.03336000,3890.00000000,0.03386
1749258449,0.03333000,209.00000000,0.03386
1749258449,0.03329000,29738.00000000,0.03386
1749258449,0.03328000,79667.00000000,0.03386
1749258449,0.03323000,209.00000000,0.03386
1749258449,0.03321000,62772.00000000,0.03386
1749258449,0.03320000,14879.00000000,0.03386
1749258449,0.03313000,20527.00000000,0.03386
1749258449,0.03309000,71740.00000000,0.03386
1749258449,0.03307000,3891.00000000,0.03386
1749258449,0.03303000,209.00000000,0.03386
1749258449,0.03300000,1591.00000000,0.03386
1749258449,0.03298000,30018.00000000,0.03386
1749258449,0.03293000,209.00000000,0.03386
1749258449,0.03290000,21064.00000000,0.03386
1749258449,0.03285000,158.00000000,0.03386
1749258449,0.03279000,183.00000000,0.03386
1749258449,0.03268000,5656.00000000,0.03386
1749258449,0.03266000,26988.00000000,0.03386
1749258449,0.03262000,16892.00000000,0.03386
1749258449,0.03251000,158.00000000,0.03386
1749258449,0.03250000,1500.00000000,0.03386
1749258449,0.03247000,45724.00000000,0.03386
1749258449,0.03242000,1260.00000000,0.03386
1749258449,0.03229000,508.00000000,0.03386
1749258449,0.03216000,158.00000000,0.03386
1749258449,0.03210000,174.00000000,0.03386
1749258449,0.03200000,354.00000000,0.03386
1749258449,0.03198000,371.00000000,0.03386
1749258449,0.03192000,220.00000000,0.03386
1749258449,0.03185000,1260.00000000,0.03386
1749258449,0.03182000,158.00000000,0.03386
1749258449,0.03180000,1982.00000000,0.03386
1749258449,0.03177000,283.00000000,0.03386
1749258449,0.03169000,158.00000000,0.03386
1749258449,0.03167000,18441.00000000,0.03386
1749258449,0.03164000,18441.00000000,0.03386
1749258449,0.03162000,668.00000000,0.03386
1749258449,0.03161000,18441.00000000,0.03386
1749258449,0.03158000,18441.00000000,0.03386
1749258449,0.03155000,18441.00000000,0.03386
1749258449,0.03133000,211.00000000,0.03386
1749258449,0.03131000,774.00000000,0.03386
1749258449,0.03130000,31948.00000000,0.03386
1749258449,0.03128000,903.00000000,0.03386
1749258449,0.03115000,100000.00000000,0.03386
1749258449,0.03105000,60000.00000000,0.03386
1749258449,0.03103000,15101.00000000,0.03386
1749258449,0.03100000,10200.00000000,0.03386
1749258449,0.03076000,390.00000000,0.03386
1749258449,0.03069000,3258.00000000,0.03386
1749258449,0.03061000,2074.00000000,0.03386
1749258449,0.03060000,996.00000000,0.03386
1749258449,0.03059000,653.00000000,0.03386
1749258449,0.03055000,654.00000000,0.03386
1749258449,0.03049000,615.00000000,0.03386
1749258449,0.03043000,184.00000000,0.03386
1749258806,0.03385000,520.00000000,0.03385
1749258806,0.03384000,7386.00000000,0.03385
1749258806,0.03383000,73.00000000,0.03385
1749258806,0.03382000,1769.00000000,0.03385
1749258806,0.03381000,5894.00000000,0.03385
1749258806,0.03380000,16007.00000000,0.03385
1749258806,0.03379000,245894.00000000,0.03385
1749258806,0.03377000,11783.00000000,0.03385
1749258806,0.03376000,11795.00000000,0.03385
1749258806,0.03375000,158807.00000000,0.03385
1749258806,0.03374000,43937.00000000,0.03385
1749258806,0.03373000,38320.00000000,0.03385
1749258806,0.03372000,11825.00000000,0.03385
1749258806,0.03371000,180250.00000000,0.03385
1749258806,0.03370000,26825.00000000,0.03385
1749258806,0.03369000,14982.00000000,0.03385
1749258806,0.03368000,38542.00000000,0.03385
1749258806,0.03367000,13521.00000000,0.03385
1749258806,0.03366000,11804.00000000,0.03385
1749258806,0.03365000,41528.00000000,0.03385
1749258806,0.03364000,34832.00000000,0.03385
1749258806,0.03363000,305087.00000000,0.03385
1749258806,0.03362000,23409.00000000,0.03385
1749258806,0.03361000,36137.00000000,0.03385
1749258806,0.03359000,7413.00000000,0.03385
1749258806,0.03358000,18109.00000000,0.03385
1749258806,0.03357000,14139.00000000,0.03385
1749258806,0.03356000,1539.00000000,0.03385
1749258806,0.03355000,91960.00000000,0.03385
1749258806,0.03354000,15856.00000000,0.03385
1749258806,0.03353000,39720.00000000,0.03385
1749258806,0.03352000,25172.00000000,0.03385
1749258806,0.03351000,15916.00000000,0.03385
1749258806,0.03350000,16830.00000000,0.03385
1749258806,0.03349000,19312.00000000,0.03385
1749258806,0.03347000,16544.00000000,0.03385
1749258806,0.03346000,32511.00000000,0.03385
1749258806,0.03345000,1383.00000000,0.03385
1749258806,0.03343000,209.00000000,0.03385
1749258806,0.03342000,35272.00000000,0.03385
1749258806,0.03341000,16481.00000000,0.03385
1749258806,0.03340000,24821.00000000,0.03385
1749258806,0.03339000,11942.00000000,0.03385
1749258806,0.03338000,57.00000000,0.03385
1749258806,0.03333000,209.00000000,0.03385
1749258806,0.03330000,14655.00000000,0.03385
1749258806,0.03329000,29738.00000000,0.03385
1749258806,0.03328000,79667.00000000,0.03385
1749258806,0.03324000,3603.00000000,0.03385
1749258806,0.03323000,209.00000000,0.03385
1749258806,0.03321000,59165.00000000,0.03385
1749258806,0.03320000,158.00000000,0.03385
1749258806,0.03313000,20527.00000000,0.03385
1749258806,0.03309000,71740.00000000,0.03385
1749258806,0.03307000,3891.00000000,0.03385
1749258806,0.03303000,209.00000000,0.03385
1749258806,0.03300000,1591.00000000,0.03385
1749258806,0.03299000,30259.00000000,0.03385
1749258806,0.03293000,209.00000000,0.03385
1749258806,0.03290000,21064.00000000,0.03385
1749258806,0.03285000,158.00000000,0.03385
1749258806,0.03279000,183.00000000,0.03385
1749258806,0.03276000,26867.00000000,0.03385
1749258806,0.03268000,5656.00000000,0.03385
1749258806,0.03251000,158.00000000,0.03385
1749258806,0.03250000,1500.00000000,0.03385
1749258806,0.03247000,45724.00000000,0.03385
1749258806,0.03242000,1260.00000000,0.03385
1749258806,0.03229000,508.00000000,0.03385
1749258806,0.03216000,158.00000000,0.03385
1749258806,0.03210000,174.00000000,0.03385
1749258806,0.03200000,354.00000000,0.03385
1749258806,0.03198000,371.00000000,0.03385
1749258806,0.03192000,220.00000000,0.03385
1749258806,0.03185000,1260.00000000,0.03385
1749258806,0.03182000,158.00000000,0.03385
1749258806,0.03180000,1982.00000000,0.03385
1749258806,0.03177000,283.00000000,0.03385
1749258806,0.03169000,158.00000000,0.03385
1749258806,0.03167000,18441.00000000,0.03385
1749258806,0.03164000,18441.00000000,0.03385
1749258806,0.03162000,668.00000000,0.03385
1749258806,0.03161000,18441.00000000,0.03385
1749258806,0.03158000,18441.00000000,0.03385
1749258806,0.03155000,18441.00000000,0.03385
1749258806,0.03133000,211.00000000,0.03385
1749258806,0.03131000,774.00000000,0.03385
1749258806,0.03130000,31948.00000000,0.03385
1749258806,0.03128000,903.00000000,0.03385
1749258806,0.03115000,100000.00000000,0.03385
1749258806,0.03105000,60000.00000000,0.03385
1749258806,0.03103000,15101.00000000,0.03385
1749258806,0.03100000,10200.00000000,0.03385
1749258806,0.03076000,390.00000000,0.03385
1749258806,0.03069000,3258.00000000,0.03385
1749258806,0.03061000,2074.00000000,0.03385
1749258806,0.03060000,996.00000000,0.03385
1749258806,0.03059000,653.00000000,0.03385
1749258806,0.03055000,654.00000000,0.03385
1749258806,0.03049000,615.00000000,0.03385
1749259108,0.03386000,4843.00000000,0.03388
1749259108,0.03384000,1251.00000000,0.03388
1749259108,0.03383000,2160.00000000,0.03388
1749259108,0.03382000,3626.00000000,0.03388
1749259108,0.03381000,7915.00000000,0.03388
1749259108,0.03380000,46715.00000000,0.03388
1749259108,0.03379000,367256.00000000,0.03388
1749259108,0.03377000,15773.00000000,0.03388
1749259108,0.03376000,36750.00000000,0.03388
1749259108,0.03375000,143929.00000000,0.03388
1749259108,0.03374000,11787.00000000,0.03388
1749259108,0.03373000,13691.00000000,0.03388
1749259108,0.03372000,18304.00000000,0.03388
1749259108,0.03371000,14949.00000000,0.03388
1749259108,0.03370000,58560.00000000,0.03388
1749259108,0.03369000,37223.00000000,0.03388
1749259108,0.03368000,28546.00000000,0.03388
1749259108,0.03366000,11773.00000000,0.03388
1749259108,0.03365000,36778.00000000,0.03388
1749259108,0.03364000,22998.00000000,0.03388
1749259108,0.03363000,26602.00000000,0.03388
1749259108,0.03361000,36137.00000000,0.03388
1749259108,0.03360000,5793.00000000,0.03388
1749259108,0.03358000,304557.00000000,0.03388
1749259108,0.03357000,83900.00000000,0.03388
1749259108,0.03355000,20337.00000000,0.03388
1749259108,0.03354000,39499.00000000,0.03388
1749259108,0.03353000,21764.00000000,0.03388
1749259108,0.03350000,3575.00000000,0.03388
1749259108,0.03349000,3874.00000000,0.03388
1749259108,0.03347000,890.00000000,0.03388
1749259108,0.03346000,16232.00000000,0.03388
1749259108,0.03345000,1383.00000000,0.03388
1749259108,0.03344000,19768.00000000,0.03388
1749259108,0.03343000,5197.00000000,0.03388
1749259108,0.03342000,24346.00000000,0.03388
1749259108,0.03340000,22663.00000000,0.03388
1749259108,0.03339000,19834.00000000,0.03388
1749259108,0.03338000,57.00000000,0.03388
1749259108,0.03337000,29667.00000000,0.03388
1749259108,0.03333000,209.00000000,0.03388
1749259108,0.03329000,14537.00000000,0.03388
1749259108,0.03328000,79667.00000000,0.03388
1749259108,0.03324000,59112.00000000,0.03388
1749259108,0.03323000,209.00000000,0.03388
1749259108,0.03320000,158.00000000,0.03388
1749259108,0.03313000,20527.00000000,0.03388
1749259108,0.03310000,3887.00000000,0.03388
1749259108,0.03309000,71740.00000000,0.03388
1749259108,0.03303000,209.00000000,0.03388
1749259108,0.03301000,29990.00000000,0.03388
1749259108,0.03300000,1591.00000000,0.03388
1749259108,0.03293000,209.00000000,0.03388
1749259108,0.03290000,21064.00000000,0.03388
1749259108,0.03285000,158.00000000,0.03388
1749259108,0.03279000,183.00000000,0.03388
1749259108,0.03276000,26867.00000000,0.03388
1749259108,0.03268000,5656.00000000,0.03388
1749259108,0.03251000,158.00000000,0.03388
1749259108,0.03250000,1500.00000000,0.03388
1749259108,0.03247000,45724.00000000,0.03388
1749259108,0.03242000,1260.00000000,0.03388
1749259108,0.03229000,508.00000000,0.03388
1749259108,0.03216000,158.00000000,0.03388
1749259108,0.03210000,174.00000000,0.03388
1749259108,0.03200000,354.00000000,0.03388
1749259108,0.03198000,371.00000000,0.03388
1749259108,0.03192000,220.00000000,0.03388
1749259108,0.03185000,1260.00000000,0.03388
1749259108,0.03182000,158.00000000,0.03388
1749259108,0.03180000,1982.00000000,0.03388
1749259108,0.03177000,283.00000000,0.03388
1749259108,0.03169000,158.00000000,0.03388
1749259108,0.03167000,18441.00000000,0.03388
1749259108,0.03164000,18441.00000000,0.03388
1749259108,0.03162000,668.00000000,0.03388
1749259108,0.03161000,18441.00000000,0.03388
1749259108,0.03158000,18441.00000000,0.03388
1749259108,0.03155000,18441.00000000,0.03388
1749259108,0.03133000,211.00000000,0.03388
1749259108,0.03131000,774.00000000,0.03388
1749259108,0.03130000,31948.00000000,0.03388
1749259108,0.03128000,903.00000000,0.03388
1749259108,0.03115000,100000.00000000,0.03388
1749259108,0.03105000,60000.00000000,0.03388
1749259108,0.03103000,15101.00000000,0.03388
1749259108,0.03100000,10200.00000000,0.03388
1749259108,0.03076000,390.00000000,0.03388
1749259108,0.03069000,3258.00000000,0.03388
1749259108,0.03061000,2074.00000000,0.03388
1749259108,0.03060000,996.00000000,0.03388
1749259108,0.03059000,653.00000000,0.03388
1749259108,0.03055000,654.00000000,0.03388
1749259108,0.03049000,615.00000000,0.03388
1749259108,0.03043000,184.00000000,0.03388
1749259108,0.03026000,371.00000000,0.03388
1749259108,0.03017000,287.00000000,0.03388
1749259108,0.03012000,500.00000000,0.03388
1749259108,0.03010000,5332.00000000,0.03388
1749259108,0.03004000,1204.00000000,0.03388
