timestamp,price,volume,current_price
1749260836,0.03382000,16490.00000000,0.03382
1749260836,0.03380000,30612.00000000,0.03382
1749260836,0.03379000,238794.00000000,0.03382
1749260836,0.03378000,125377.00000000,0.03382
1749260836,0.03376000,14741.00000000,0.03382
1749260836,0.03375000,137345.00000000,0.03382
1749260836,0.03374000,37224.00000000,0.03382
1749260836,0.03373000,13691.00000000,0.03382
1749260836,0.03372000,51989.00000000,0.03382
1749260836,0.03371000,27501.00000000,0.03382
1749260836,0.03370000,13494.00000000,0.03382
1749260836,0.03369000,18327.00000000,0.03382
1749260836,0.03368000,56862.00000000,0.03382
1749260836,0.03367000,11762.00000000,0.03382
1749260836,0.03366000,48109.00000000,0.03382
1749260836,0.03365000,11782.00000000,0.03382
1749260836,0.03364000,20011.00000000,0.03382
1749260836,0.03363000,11999.00000000,0.03382
1749260836,0.03362000,36817.00000000,0.03382
1749260836,0.03361000,35611.00000000,0.03382
1749260836,0.03360000,11801.00000000,0.03382
1749260836,0.03359000,7452.00000000,0.03382
1749260836,0.03356000,36201.00000000,0.03382
1749260836,0.03355000,158.00000000,0.03382
1749260836,0.03354000,5943.00000000,0.03382
1749260836,0.03353000,209.00000000,0.03382
1749260836,0.03352000,84130.00000000,0.03382
1749260836,0.03351000,16603.00000000,0.03382
1749260836,0.03350000,292653.00000000,0.03382
1749260836,0.03349000,59774.00000000,0.03382
1749260836,0.03347000,16918.00000000,0.03382
1749260836,0.03346000,21834.00000000,0.03382
1749260836,0.03345000,3581.00000000,0.03382
1749260836,0.03344000,1383.00000000,0.03382
1749260836,0.03343000,16163.00000000,0.03382
1749260836,0.03342000,16298.00000000,0.03382
1749260836,0.03341000,46550.00000000,0.03382
1749260836,0.03340000,19792.00000000,0.03382
1749260836,0.03339000,16266.00000000,0.03382
1749260836,0.03338000,1242.00000000,0.03382
1749260836,0.03337000,3888.00000000,0.03382
1749260836,0.03336000,19852.00000000,0.03382
1749260836,0.03334000,5002.00000000,0.03382
1749260836,0.03333000,8279.00000000,0.03382
1749260836,0.03329000,19546.00000000,0.03382
1749260836,0.03328000,109414.00000000,0.03382
1749260836,0.03323000,209.00000000,0.03382
1749260836,0.03320000,158.00000000,0.03382
1749260836,0.03315000,59272.00000000,0.03382
1749260836,0.03313000,20527.00000000,0.03382
1749260836,0.03309000,71740.00000000,0.03382
1749260836,0.03306000,3892.00000000,0.03382
1749260836,0.03303000,209.00000000,0.03382
1749260836,0.03300000,1591.00000000,0.03382
1749260836,0.03296000,30286.00000000,0.03382
1749260836,0.03293000,209.00000000,0.03382
1749260836,0.03290000,21064.00000000,0.03382
1749260836,0.03285000,158.00000000,0.03382
1749260836,0.03279000,183.00000000,0.03382
1749260836,0.03276000,26867.00000000,0.03382
1749260836,0.03268000,5656.00000000,0.03382
1749260836,0.03251000,158.00000000,0.03382
1749260836,0.03250000,1500.00000000,0.03382
1749260836,0.03247000,45724.00000000,0.03382
1749260836,0.03242000,1260.00000000,0.03382
1749260836,0.03229000,508.00000000,0.03382
1749260836,0.03216000,158.00000000,0.03382
1749260836,0.03210000,174.00000000,0.03382
1749260836,0.03200000,354.00000000,0.03382
1749260836,0.03198000,371.00000000,0.03382
1749260836,0.03192000,220.00000000,0.03382
1749260836,0.03185000,1260.00000000,0.03382
1749260836,0.03182000,158.00000000,0.03382
1749260836,0.03180000,1982.00000000,0.03382
1749260836,0.03177000,283.00000000,0.03382
1749260836,0.03169000,158.00000000,0.03382
1749260836,0.03167000,18441.00000000,0.03382
1749260836,0.03164000,84426.00000000,0.03382
1749260836,0.03162000,668.00000000,0.03382
1749260836,0.03161000,18441.00000000,0.03382
1749260836,0.03158000,18441.00000000,0.03382
1749260836,0.03155000,18441.00000000,0.03382
1749260836,0.03133000,211.00000000,0.03382
1749260836,0.03131000,774.00000000,0.03382
1749260836,0.03130000,31948.00000000,0.03382
1749260836,0.03128000,903.00000000,0.03382
1749260836,0.03115000,100000.00000000,0.03382
1749260836,0.03105000,60000.00000000,0.03382
1749260836,0.03103000,15101.00000000,0.03382
1749260836,0.03100000,10200.00000000,0.03382
1749260836,0.03076000,390.00000000,0.03382
1749260836,0.03069000,3258.00000000,0.03382
1749260836,0.03061000,2074.00000000,0.03382
1749260836,0.03060000,996.00000000,0.03382
1749260836,0.03059000,653.00000000,0.03382
1749260836,0.03055000,654.00000000,0.03382
1749260836,0.03049000,615.00000000,0.03382
1749260836,0.03043000,184.00000000,0.03382
1749260836,0.03026000,371.00000000,0.03382
1749260836,0.03017000,287.00000000,0.03382
1749261163,0.03391000,29716.00000000,0.03391
1749261163,0.03388000,1187.00000000,0.03391
1749261163,0.03387000,1900.00000000,0.03391
1749261163,0.03386000,6121.00000000,0.03391
1749261163,0.03385000,16795.00000000,0.03391
1749261163,0.03384000,20651.00000000,0.03391
1749261163,0.03383000,17914.00000000,0.03391
1749261163,0.03382000,19891.00000000,0.03391
1749261163,0.03381000,138932.00000000,0.03391
1749261163,0.03380000,28509.00000000,0.03391
1749261163,0.03379000,351410.00000000,0.03391
1749261163,0.03378000,11783.00000000,0.03391
1749261163,0.03377000,11802.00000000,0.03391
1749261163,0.03376000,76189.00000000,0.03391
1749261163,0.03375000,11795.00000000,0.03391
1749261163,0.03374000,13271.00000000,0.03391
1749261163,0.03373000,20292.00000000,0.03391
1749261163,0.03372000,18528.00000000,0.03391
1749261163,0.03371000,18201.00000000,0.03391
1749261163,0.03370000,28322.00000000,0.03391
1749261163,0.03369000,18327.00000000,0.03391
1749261163,0.03368000,24428.00000000,0.03391
1749261163,0.03367000,7452.00000000,0.03391
1749261163,0.03363000,209.00000000,0.03391
1749261163,0.03362000,25032.00000000,0.03391
1749261163,0.03361000,23023.00000000,0.03391
1749261163,0.03360000,99350.00000000,0.03391
1749261163,0.03359000,5833.00000000,0.03391
1749261163,0.03358000,291956.00000000,0.03391
1749261163,0.03357000,15980.00000000,0.03391
1749261163,0.03356000,36201.00000000,0.03391
1749261163,0.03355000,14405.00000000,0.03391
1749261163,0.03353000,209.00000000,0.03391
1749261163,0.03352000,3573.00000000,0.03391
1749261163,0.03351000,16606.00000000,0.03391
1749261163,0.03349000,59774.00000000,0.03391
1749261163,0.03348000,4981.00000000,0.03391
1749261163,0.03347000,4767.00000000,0.03391
1749261163,0.03344000,1383.00000000,0.03391
1749261163,0.03343000,209.00000000,0.03391
1749261163,0.03342000,24346.00000000,0.03391
1749261163,0.03341000,16481.00000000,0.03391
1749261163,0.03340000,19792.00000000,0.03391
1749261163,0.03338000,1242.00000000,0.03391
1749261163,0.03337000,29667.00000000,0.03391
1749261163,0.03336000,19852.00000000,0.03391
1749261163,0.03333000,209.00000000,0.03391
1749261163,0.03329000,18135.00000000,0.03391
1749261163,0.03328000,79667.00000000,0.03391
1749261163,0.03327000,5012.00000000,0.03391
1749261163,0.03326000,59076.00000000,0.03391
1749261163,0.03324000,5017.00000000,0.03391
1749261163,0.03323000,209.00000000,0.03391
1749261163,0.03320000,158.00000000,0.03391
1749261163,0.03313000,20527.00000000,0.03391
1749261163,0.03309000,71740.00000000,0.03391
1749261163,0.03306000,33837.00000000,0.03391
1749261163,0.03303000,209.00000000,0.03391
1749261163,0.03300000,1591.00000000,0.03391
1749261163,0.03293000,209.00000000,0.03391
1749261163,0.03290000,21064.00000000,0.03391
1749261163,0.03285000,158.00000000,0.03391
1749261163,0.03279000,183.00000000,0.03391
1749261163,0.03276000,26867.00000000,0.03391
1749261163,0.03268000,5656.00000000,0.03391
1749261163,0.03251000,158.00000000,0.03391
1749261163,0.03250000,1500.00000000,0.03391
1749261163,0.03242000,1260.00000000,0.03391
1749261163,0.03229000,508.00000000,0.03391
1749261163,0.03216000,158.00000000,0.03391
1749261163,0.03210000,174.00000000,0.03391
1749261163,0.03200000,354.00000000,0.03391
1749261163,0.03198000,371.00000000,0.03391
1749261163,0.03192000,220.00000000,0.03391
1749261163,0.03185000,1260.00000000,0.03391
1749261163,0.03182000,158.00000000,0.03391
1749261163,0.03180000,1982.00000000,0.03391
1749261163,0.03177000,283.00000000,0.03391
1749261163,0.03169000,158.00000000,0.03391
1749261163,0.03167000,18441.00000000,0.03391
1749261163,0.03164000,84426.00000000,0.03391
1749261163,0.03162000,668.00000000,0.03391
1749261163,0.03161000,18441.00000000,0.03391
1749261163,0.03158000,18441.00000000,0.03391
1749261163,0.03155000,18441.00000000,0.03391
1749261163,0.03133000,211.00000000,0.03391
1749261163,0.03131000,774.00000000,0.03391
1749261163,0.03130000,31948.00000000,0.03391
1749261163,0.03128000,903.00000000,0.03391
1749261163,0.03115000,100000.00000000,0.03391
1749261163,0.03105000,60000.00000000,0.03391
1749261163,0.03103000,15101.00000000,0.03391
1749261163,0.03100000,10200.00000000,0.03391
1749261163,0.03076000,390.00000000,0.03391
1749261163,0.03069000,3258.00000000,0.03391
1749261163,0.03061000,2074.00000000,0.03391
1749261163,0.03060000,996.00000000,0.03391
1749261163,0.03059000,653.00000000,0.03391
1749261163,0.03055000,654.00000000,0.03391
1749261163,0.03049000,615.00000000,0.03391
1749261478,0.03388000,693.00000000,0.03388
1749261478,0.03385000,2858.00000000,0.03388
1749261478,0.03384000,35086.00000000,0.03388
1749261478,0.03383000,139976.00000000,0.03388
1749261478,0.03382000,1913.00000000,0.03388
1749261478,0.03381000,48706.00000000,0.03388
1749261478,0.03380000,136036.00000000,0.03388
1749261478,0.03379000,255401.00000000,0.03388
1749261478,0.03378000,11780.00000000,0.03388
1749261478,0.03376000,11780.00000000,0.03388
1749261478,0.03375000,6705.00000000,0.03388
1749261478,0.03374000,11780.00000000,0.03388
1749261478,0.03373000,65356.00000000,0.03388
1749261478,0.03372000,18539.00000000,0.03388
1749261478,0.03371000,31442.00000000,0.03388
1749261478,0.03370000,13501.00000000,0.03388
1749261478,0.03369000,8022.00000000,0.03388
1749261478,0.03367000,11780.00000000,0.03388
1749261478,0.03366000,12648.00000000,0.03388
1749261478,0.03365000,16115.00000000,0.03388
1749261478,0.03364000,5938.00000000,0.03388
1749261478,0.03363000,209.00000000,0.03388
1749261478,0.03362000,25032.00000000,0.03388
1749261478,0.03361000,23023.00000000,0.03388
1749261478,0.03358000,99080.00000000,0.03388
1749261478,0.03357000,292043.00000000,0.03388
1749261478,0.03356000,75677.00000000,0.03388
1749261478,0.03355000,37752.00000000,0.03388
1749261478,0.03353000,209.00000000,0.03388
1749261478,0.03352000,3573.00000000,0.03388
1749261478,0.03351000,16606.00000000,0.03388
1749261478,0.03348000,4981.00000000,0.03388
1749261478,0.03347000,890.00000000,0.03388
1749261478,0.03345000,19762.00000000,0.03388
1749261478,0.03344000,5263.00000000,0.03388
1749261478,0.03343000,209.00000000,0.03388
1749261478,0.03342000,44162.00000000,0.03388
1749261478,0.03341000,16481.00000000,0.03388
1749261478,0.03338000,1242.00000000,0.03388
1749261478,0.03337000,29667.00000000,0.03388
1749261478,0.03333000,5212.00000000,0.03388
1749261478,0.03331000,5006.00000000,0.03388
1749261478,0.03329000,14537.00000000,0.03388
1749261478,0.03328000,79667.00000000,0.03388
1749261478,0.03326000,59076.00000000,0.03388
1749261478,0.03323000,209.00000000,0.03388
1749261478,0.03320000,158.00000000,0.03388
1749261478,0.03313000,20527.00000000,0.03388
1749261478,0.03309000,75629.00000000,0.03388
1749261478,0.03306000,29945.00000000,0.03388
1749261478,0.03303000,209.00000000,0.03388
1749261478,0.03300000,1591.00000000,0.03388
1749261478,0.03293000,209.00000000,0.03388
1749261478,0.03290000,21064.00000000,0.03388
1749261478,0.03285000,158.00000000,0.03388
1749261478,0.03279000,183.00000000,0.03388
1749261478,0.03276000,26867.00000000,0.03388
1749261478,0.03268000,5656.00000000,0.03388
1749261478,0.03251000,158.00000000,0.03388
1749261478,0.03250000,1500.00000000,0.03388
1749261478,0.03242000,1260.00000000,0.03388
1749261478,0.03229000,508.00000000,0.03388
1749261478,0.03216000,158.00000000,0.03388
1749261478,0.03210000,174.00000000,0.03388
1749261478,0.03200000,354.00000000,0.03388
1749261478,0.03198000,371.00000000,0.03388
1749261478,0.03192000,220.00000000,0.03388
1749261478,0.03185000,1260.00000000,0.03388
1749261478,0.03182000,158.00000000,0.03388
1749261478,0.03180000,1982.00000000,0.03388
1749261478,0.03177000,283.00000000,0.03388
1749261478,0.03169000,158.00000000,0.03388
1749261478,0.03167000,18441.00000000,0.03388
1749261478,0.03164000,84426.00000000,0.03388
1749261478,0.03162000,668.00000000,0.03388
1749261478,0.03161000,18441.00000000,0.03388
1749261478,0.03158000,18441.00000000,0.03388
1749261478,0.03155000,18441.00000000,0.03388
1749261478,0.03133000,211.00000000,0.03388
1749261478,0.03131000,774.00000000,0.03388
1749261478,0.03130000,31948.00000000,0.03388
1749261478,0.03128000,903.00000000,0.03388
1749261478,0.03115000,100000.00000000,0.03388
1749261478,0.03105000,60000.00000000,0.03388
1749261478,0.03103000,15101.00000000,0.03388
1749261478,0.03100000,10200.00000000,0.03388
1749261478,0.03076000,390.00000000,0.03388
1749261478,0.03069000,3258.00000000,0.03388
1749261478,0.03061000,2074.00000000,0.03388
1749261478,0.03060000,996.00000000,0.03388
1749261478,0.03059000,653.00000000,0.03388
1749261478,0.03055000,654.00000000,0.03388
1749261478,0.03049000,615.00000000,0.03388
1749261478,0.03043000,184.00000000,0.03388
1749261478,0.03026000,371.00000000,0.03388
1749261478,0.03017000,287.00000000,0.03388
1749261478,0.03012000,500.00000000,0.03388
1749261478,0.03010000,5332.00000000,0.03388
1749261478,0.03004000,1204.00000000,0.03388
1749261478,0.03000000,14258.00000000,0.03388
1749261789,0.03388000,72.00000000,0.03388
1749261789,0.03384000,1910.00000000,0.03388
1749261789,0.03383000,14830.00000000,0.03388
1749261789,0.03382000,37177.00000000,0.03388
1749261789,0.03381000,127149.00000000,0.03388
1749261789,0.03380000,14723.00000000,0.03388
1749261789,0.03379000,234050.00000000,0.03388
1749261789,0.03378000,133182.00000000,0.03388
1749261789,0.03377000,11783.00000000,0.03388
1749261789,0.03376000,11780.00000000,0.03388
1749261789,0.03375000,11783.00000000,0.03388
1749261789,0.03374000,11780.00000000,0.03388
1749261789,0.03373000,58755.00000000,0.03388
1749261789,0.03372000,37197.00000000,0.03388
1749261789,0.03371000,13505.00000000,0.03388
1749261789,0.03370000,13501.00000000,0.03388
1749261789,0.03369000,1482.00000000,0.03388
1749261789,0.03367000,16496.00000000,0.03388
1749261789,0.03366000,11783.00000000,0.03388
1749261789,0.03365000,37638.00000000,0.03388
1749261789,0.03364000,7452.00000000,0.03388
1749261789,0.03363000,209.00000000,0.03388
1749261789,0.03362000,25032.00000000,0.03388
1749261789,0.03361000,23023.00000000,0.03388
1749261789,0.03359000,5785.00000000,0.03388
1749261789,0.03358000,99080.00000000,0.03388
1749261789,0.03357000,292043.00000000,0.03388
1749261789,0.03356000,14243.00000000,0.03388
1749261789,0.03355000,158.00000000,0.03388
1749261789,0.03353000,209.00000000,0.03388
1749261789,0.03352000,3573.00000000,0.03388
1749261789,0.03347000,890.00000000,0.03388
1749261789,0.03344000,3880.00000000,0.03388
1749261789,0.03343000,209.00000000,0.03388
1749261789,0.03342000,8048.00000000,0.03388
1749261789,0.03341000,4991.00000000,0.03388
1749261789,0.03338000,57.00000000,0.03388
1749261789,0.03337000,29914.00000000,0.03388
1749261789,0.03335000,1387.00000000,0.03388
1749261789,0.03333000,1396.00000000,0.03388
1749261789,0.03329000,18135.00000000,0.03388
1749261789,0.03328000,79667.00000000,0.03388
1749261789,0.03326000,59076.00000000,0.03388
1749261789,0.03324000,5017.00000000,0.03388
1749261789,0.03323000,209.00000000,0.03388
1749261789,0.03320000,158.00000000,0.03388
1749261789,0.03313000,20527.00000000,0.03388
1749261789,0.03309000,75629.00000000,0.03388
1749261789,0.03303000,30431.00000000,0.03388
1749261789,0.03300000,1591.00000000,0.03388
1749261789,0.03293000,209.00000000,0.03388
1749261789,0.03290000,21064.00000000,0.03388
1749261789,0.03285000,158.00000000,0.03388
1749261789,0.03279000,183.00000000,0.03388
1749261789,0.03276000,26867.00000000,0.03388
1749261789,0.03268000,5656.00000000,0.03388
1749261789,0.03251000,158.00000000,0.03388
1749261789,0.03250000,1500.00000000,0.03388
1749261789,0.03242000,1260.00000000,0.03388
1749261789,0.03229000,508.00000000,0.03388
1749261789,0.03216000,158.00000000,0.03388
1749261789,0.03210000,174.00000000,0.03388
1749261789,0.03200000,354.00000000,0.03388
1749261789,0.03198000,371.00000000,0.03388
1749261789,0.03192000,220.00000000,0.03388
1749261789,0.03185000,1260.00000000,0.03388
1749261789,0.03182000,158.00000000,0.03388
1749261789,0.03180000,1982.00000000,0.03388
1749261789,0.03177000,283.00000000,0.03388
1749261789,0.03169000,158.00000000,0.03388
1749261789,0.03167000,18441.00000000,0.03388
1749261789,0.03164000,18441.00000000,0.03388
1749261789,0.03162000,668.00000000,0.03388
1749261789,0.03161000,18441.00000000,0.03388
1749261789,0.03158000,18441.00000000,0.03388
1749261789,0.03155000,18441.00000000,0.03388
1749261789,0.03133000,211.00000000,0.03388
1749261789,0.03131000,774.00000000,0.03388
1749261789,0.03130000,31948.00000000,0.03388
1749261789,0.03128000,903.00000000,0.03388
1749261789,0.03115000,100000.00000000,0.03388
1749261789,0.03105000,60000.00000000,0.03388
1749261789,0.03103000,15101.00000000,0.03388
1749261789,0.03100000,10200.00000000,0.03388
1749261789,0.03076000,390.00000000,0.03388
1749261789,0.03069000,3258.00000000,0.03388
1749261789,0.03061000,2074.00000000,0.03388
1749261789,0.03060000,996.00000000,0.03388
1749261789,0.03059000,653.00000000,0.03388
1749261789,0.03055000,654.00000000,0.03388
1749261789,0.03049000,615.00000000,0.03388
1749261789,0.03043000,184.00000000,0.03388
1749261789,0.03026000,371.00000000,0.03388
1749261789,0.03017000,287.00000000,0.03388
1749261789,0.03012000,500.00000000,0.03388
1749261789,0.03010000,5332.00000000,0.03388
1749261789,0.03004000,1204.00000000,0.03388
1749261789,0.03000000,14258.00000000,0.03388
1749261789,0.02988000,965.00000000,0.03388
1749261789,0.02960000,3040.00000000,0.03388
1749262090,0.03380000,36731.00000000,0.03385
1749262090,0.03379000,234265.00000000,0.03385
1749262090,0.03376000,8699.00000000,0.03385
1749262090,0.03375000,15774.00000000,0.03385
1749262090,0.03374000,14722.00000000,0.03385
1749262090,0.03373000,13712.00000000,0.03385
1749262090,0.03372000,11780.00000000,0.03385
1749262090,0.03371000,63647.00000000,0.03385
1749262090,0.03370000,13501.00000000,0.03385
1749262090,0.03369000,144219.00000000,0.03385
1749262090,0.03368000,43816.00000000,0.03385
1749262090,0.03367000,23109.00000000,0.03385
1749262090,0.03366000,11783.00000000,0.03385
1749262090,0.03365000,185639.00000000,0.03385
1749262090,0.03364000,26481.00000000,0.03385
1749262090,0.03363000,11992.00000000,0.03385
1749262090,0.03362000,45211.00000000,0.03385
1749262090,0.03361000,23023.00000000,0.03385
1749262090,0.03360000,11802.00000000,0.03385
1749262090,0.03359000,30144.00000000,0.03385
1749262090,0.03358000,19254.00000000,0.03385
1749262090,0.03357000,14236.00000000,0.03385
1749262090,0.03355000,158.00000000,0.03385
1749262090,0.03353000,36458.00000000,0.03385
1749262090,0.03352000,96981.00000000,0.03385
1749262090,0.03350000,292653.00000000,0.03385
1749262090,0.03349000,4979.00000000,0.03385
1749262090,0.03347000,890.00000000,0.03385
1749262090,0.03345000,3581.00000000,0.03385
1749262090,0.03343000,209.00000000,0.03385
1749262090,0.03342000,8048.00000000,0.03385
1749262090,0.03338000,57.00000000,0.03385
1749262090,0.03337000,35188.00000000,0.03385
1749262090,0.03336000,16328.00000000,0.03385
1749262090,0.03333000,1396.00000000,0.03385
1749262090,0.03331000,5006.00000000,0.03385
1749262090,0.03329000,14537.00000000,0.03385
1749262090,0.03328000,79667.00000000,0.03385
1749262090,0.03326000,64090.00000000,0.03385
1749262090,0.03323000,209.00000000,0.03385
1749262090,0.03320000,158.00000000,0.03385
1749262090,0.03313000,20527.00000000,0.03385
1749262090,0.03309000,75629.00000000,0.03385
1749262090,0.03303000,30431.00000000,0.03385
1749262090,0.03300000,1591.00000000,0.03385
1749262090,0.03293000,209.00000000,0.03385
1749262090,0.03290000,21064.00000000,0.03385
1749262090,0.03285000,158.00000000,0.03385
1749262090,0.03279000,183.00000000,0.03385
1749262090,0.03276000,26867.00000000,0.03385
1749262090,0.03268000,5656.00000000,0.03385
1749262090,0.03251000,158.00000000,0.03385
1749262090,0.03250000,1500.00000000,0.03385
1749262090,0.03242000,1260.00000000,0.03385
1749262090,0.03229000,508.00000000,0.03385
1749262090,0.03216000,158.00000000,0.03385
1749262090,0.03210000,174.00000000,0.03385
1749262090,0.03200000,354.00000000,0.03385
1749262090,0.03198000,371.00000000,0.03385
1749262090,0.03192000,220.00000000,0.03385
1749262090,0.03185000,1260.00000000,0.03385
1749262090,0.03182000,158.00000000,0.03385
1749262090,0.03180000,1982.00000000,0.03385
1749262090,0.03177000,283.00000000,0.03385
1749262090,0.03169000,158.00000000,0.03385
1749262090,0.03167000,18441.00000000,0.03385
1749262090,0.03164000,18441.00000000,0.03385
1749262090,0.03162000,668.00000000,0.03385
1749262090,0.03161000,18441.00000000,0.03385
1749262090,0.03158000,18441.00000000,0.03385
1749262090,0.03155000,18441.00000000,0.03385
1749262090,0.03133000,211.00000000,0.03385
1749262090,0.03131000,774.00000000,0.03385
1749262090,0.03130000,31948.00000000,0.03385
1749262090,0.03128000,903.00000000,0.03385
1749262090,0.03115000,100000.00000000,0.03385
1749262090,0.03105000,60000.00000000,0.03385
1749262090,0.03103000,15101.00000000,0.03385
1749262090,0.03100000,10200.00000000,0.03385
1749262090,0.03076000,390.00000000,0.03385
1749262090,0.03069000,3258.00000000,0.03385
1749262090,0.03061000,2074.00000000,0.03385
1749262090,0.03060000,996.00000000,0.03385
1749262090,0.03059000,653.00000000,0.03385
1749262090,0.03055000,654.00000000,0.03385
1749262090,0.03049000,615.00000000,0.03385
1749262090,0.03043000,184.00000000,0.03385
1749262090,0.03026000,371.00000000,0.03385
1749262090,0.03017000,287.00000000,0.03385
1749262090,0.03012000,500.00000000,0.03385
1749262090,0.03010000,5332.00000000,0.03385
1749262090,0.03004000,1204.00000000,0.03385
1749262090,0.03000000,14258.00000000,0.03385
1749262090,0.02988000,965.00000000,0.03385
1749262090,0.02960000,3040.00000000,0.03385
1749262090,0.02950000,2050.00000000,0.03385
1749262090,0.02944000,1001.00000000,0.03385
1749262090,0.02927000,1843.00000000,0.03385
1749262090,0.02923000,866.00000000,0.03385
1749262090,0.02900000,8968.00000000,0.03385
1749262393,0.03392000,13582.00000000,0.03392
1749262393,0.03388000,4221.00000000,0.03392
1749262393,0.03387000,10851.00000000,0.03392
1749262393,0.03386000,18101.00000000,0.03392
1749262393,0.03385000,9063.00000000,0.03392
1749262393,0.03384000,13889.00000000,0.03392
1749262393,0.03383000,2116.00000000,0.03392
1749262393,0.03382000,13895.00000000,0.03392
1749262393,0.03381000,21128.00000000,0.03392
1749262393,0.03380000,11783.00000000,0.03392
1749262393,0.03379000,230044.00000000,0.03392
1749262393,0.03378000,37119.00000000,0.03392
1749262393,0.03377000,137151.00000000,0.03392
1749262393,0.03375000,11783.00000000,0.03392
1749262393,0.03374000,134759.00000000,0.03392
1749262393,0.03373000,45470.00000000,0.03392
1749262393,0.03372000,11780.00000000,0.03392
1749262393,0.03371000,13505.00000000,0.03392
1749262393,0.03370000,58588.00000000,0.03392
1749262393,0.03369000,11783.00000000,0.03392
1749262393,0.03368000,31893.00000000,0.03392
1749262393,0.03367000,16496.00000000,0.03392
1749262393,0.03364000,107914.00000000,0.03392
1749262393,0.03363000,209.00000000,0.03392
1749262393,0.03362000,39255.00000000,0.03392
1749262393,0.03361000,23023.00000000,0.03392
1749262393,0.03355000,158.00000000,0.03392
1749262393,0.03354000,292304.00000000,0.03392
1749262393,0.03353000,36458.00000000,0.03392
1749262393,0.03351000,23778.00000000,0.03392
1749262393,0.03350000,44524.00000000,0.03392
1749262393,0.03349000,16615.00000000,0.03392
1749262393,0.03347000,890.00000000,0.03392
1749262393,0.03343000,4090.00000000,0.03392
1749262393,0.03342000,8048.00000000,0.03392
1749262393,0.03341000,16481.00000000,0.03392
1749262393,0.03340000,20976.00000000,0.03392
1749262393,0.03338000,32023.00000000,0.03392
1749262393,0.03337000,36297.00000000,0.03392
1749262393,0.03336000,36180.00000000,0.03392
1749262393,0.03333000,209.00000000,0.03392
1749262393,0.03331000,5006.00000000,0.03392
1749262393,0.03329000,14537.00000000,0.03392
1749262393,0.03328000,79667.00000000,0.03392
1749262393,0.03326000,59076.00000000,0.03392
1749262393,0.03323000,209.00000000,0.03392
1749262393,0.03320000,158.00000000,0.03392
1749262393,0.03313000,20527.00000000,0.03392
1749262393,0.03309000,75629.00000000,0.03392
1749262393,0.03303000,30431.00000000,0.03392
1749262393,0.03300000,1591.00000000,0.03392
1749262393,0.03293000,209.00000000,0.03392
1749262393,0.03290000,21064.00000000,0.03392
1749262393,0.03285000,158.00000000,0.03392
1749262393,0.03279000,183.00000000,0.03392
1749262393,0.03276000,26867.00000000,0.03392
1749262393,0.03268000,5656.00000000,0.03392
1749262393,0.03251000,158.00000000,0.03392
1749262393,0.03250000,1500.00000000,0.03392
1749262393,0.03242000,1260.00000000,0.03392
1749262393,0.03229000,508.00000000,0.03392
1749262393,0.03216000,158.00000000,0.03392
1749262393,0.03210000,174.00000000,0.03392
1749262393,0.03200000,354.00000000,0.03392
1749262393,0.03198000,371.00000000,0.03392
1749262393,0.03192000,220.00000000,0.03392
1749262393,0.03185000,1260.00000000,0.03392
1749262393,0.03182000,158.00000000,0.03392
1749262393,0.03180000,1982.00000000,0.03392
1749262393,0.03177000,283.00000000,0.03392
1749262393,0.03169000,158.00000000,0.03392
1749262393,0.03167000,18441.00000000,0.03392
1749262393,0.03164000,18441.00000000,0.03392
1749262393,0.03162000,668.00000000,0.03392
1749262393,0.03161000,18441.00000000,0.03392
1749262393,0.03158000,18441.00000000,0.03392
1749262393,0.03155000,18441.00000000,0.03392
1749262393,0.03133000,211.00000000,0.03392
1749262393,0.03131000,774.00000000,0.03392
1749262393,0.03130000,31948.00000000,0.03392
1749262393,0.03128000,903.00000000,0.03392
1749262393,0.03115000,100000.00000000,0.03392
1749262393,0.03105000,60000.00000000,0.03392
1749262393,0.03103000,15101.00000000,0.03392
1749262393,0.03100000,10200.00000000,0.03392
1749262393,0.03086000,2058.00000000,0.03392
1749262393,0.03076000,390.00000000,0.03392
1749262393,0.03069000,3258.00000000,0.03392
1749262393,0.03060000,996.00000000,0.03392
1749262393,0.03059000,653.00000000,0.03392
1749262393,0.03055000,654.00000000,0.03392
1749262393,0.03049000,615.00000000,0.03392
1749262393,0.03043000,184.00000000,0.03392
1749262393,0.03026000,371.00000000,0.03392
1749262393,0.03017000,287.00000000,0.03392
1749262393,0.03012000,500.00000000,0.03392
1749262393,0.03010000,5332.00000000,0.03392
1749262393,0.03004000,1204.00000000,0.03392
1749262393,0.03000000,14258.00000000,0.03392
1749262393,0.02988000,965.00000000,0.03392
1749262696,0.03393000,8661.00000000,0.03393
1749262696,0.03392000,6664.00000000,0.03393
1749262696,0.03391000,3783.00000000,0.03393
1749262696,0.03390000,41075.00000000,0.03393
1749262696,0.03389000,133624.00000000,0.03393
1749262696,0.03388000,4221.00000000,0.03393
1749262696,0.03386000,6954.00000000,0.03393
1749262696,0.03385000,132849.00000000,0.03393
1749262696,0.03384000,2116.00000000,0.03393
1749262696,0.03383000,2325.00000000,0.03393
1749262696,0.03382000,41382.00000000,0.03393
1749262696,0.03381000,13694.00000000,0.03393
1749262696,0.03380000,43011.00000000,0.03393
1749262696,0.03379000,236743.00000000,0.03393
1749262696,0.03378000,11773.00000000,0.03393
1749262696,0.03377000,11797.00000000,0.03393
1749262696,0.03376000,18378.00000000,0.03393
1749262696,0.03375000,43312.00000000,0.03393
1749262696,0.03374000,73089.00000000,0.03393
1749262696,0.03373000,20470.00000000,0.03393
1749262696,0.03372000,49437.00000000,0.03393
1749262696,0.03371000,20957.00000000,0.03393
1749262696,0.03370000,13501.00000000,0.03393
1749262696,0.03369000,11783.00000000,0.03393
1749262696,0.03368000,11783.00000000,0.03393
1749262696,0.03367000,16496.00000000,0.03393
1749262696,0.03365000,291348.00000000,0.03393
1749262696,0.03364000,5884.00000000,0.03393
1749262696,0.03363000,5168.00000000,0.03393
1749262696,0.03362000,139102.00000000,0.03393
1749262696,0.03361000,37255.00000000,0.03393
1749262696,0.03358000,76184.00000000,0.03393
1749262696,0.03357000,15980.00000000,0.03393
1749262696,0.03355000,3728.00000000,0.03393
1749262696,0.03353000,209.00000000,0.03393
1749262696,0.03348000,24726.00000000,0.03393
1749262696,0.03347000,21045.00000000,0.03393
1749262696,0.03346000,17843.00000000,0.03393
1749262696,0.03345000,19798.00000000,0.03393
1749262696,0.03343000,209.00000000,0.03393
1749262696,0.03342000,8048.00000000,0.03393
1749262696,0.03340000,1184.00000000,0.03393
1749262696,0.03338000,57.00000000,0.03393
1749262696,0.03337000,29914.00000000,0.03393
1749262696,0.03333000,209.00000000,0.03393
1749262696,0.03332000,3595.00000000,0.03393
1749262696,0.03331000,5006.00000000,0.03393
1749262696,0.03329000,14537.00000000,0.03393
1749262696,0.03328000,79667.00000000,0.03393
1749262696,0.03326000,59076.00000000,0.03393
1749262696,0.03323000,209.00000000,0.03393
1749262696,0.03320000,158.00000000,0.03393
1749262696,0.03313000,20527.00000000,0.03393
1749262696,0.03309000,71740.00000000,0.03393
1749262696,0.03306000,3891.00000000,0.03393
1749262696,0.03303000,209.00000000,0.03393
1749262696,0.03302000,30231.00000000,0.03393
1749262696,0.03300000,1591.00000000,0.03393
1749262696,0.03293000,209.00000000,0.03393
1749262696,0.03290000,21064.00000000,0.03393
1749262696,0.03285000,158.00000000,0.03393
1749262696,0.03279000,183.00000000,0.03393
1749262696,0.03276000,26867.00000000,0.03393
1749262696,0.03268000,5656.00000000,0.03393
1749262696,0.03251000,158.00000000,0.03393
1749262696,0.03250000,1500.00000000,0.03393
1749262696,0.03242000,1260.00000000,0.03393
1749262696,0.03229000,508.00000000,0.03393
1749262696,0.03216000,158.00000000,0.03393
1749262696,0.03210000,174.00000000,0.03393
1749262696,0.03200000,354.00000000,0.03393
1749262696,0.03198000,371.00000000,0.03393
1749262696,0.03192000,220.00000000,0.03393
1749262696,0.03185000,1260.00000000,0.03393
1749262696,0.03182000,158.00000000,0.03393
1749262696,0.03180000,1982.00000000,0.03393
1749262696,0.03177000,283.00000000,0.03393
1749262696,0.03169000,158.00000000,0.03393
1749262696,0.03167000,18441.00000000,0.03393
1749262696,0.03164000,18441.00000000,0.03393
1749262696,0.03162000,668.00000000,0.03393
1749262696,0.03161000,18441.00000000,0.03393
1749262696,0.03158000,18441.00000000,0.03393
1749262696,0.03155000,18441.00000000,0.03393
1749262696,0.03133000,211.00000000,0.03393
1749262696,0.03131000,774.00000000,0.03393
1749262696,0.03130000,31948.00000000,0.03393
1749262696,0.03128000,903.00000000,0.03393
1749262696,0.03115000,100000.00000000,0.03393
1749262696,0.03105000,60000.00000000,0.03393
1749262696,0.03103000,15101.00000000,0.03393
1749262696,0.03100000,10200.00000000,0.03393
1749262696,0.03086000,2058.00000000,0.03393
1749262696,0.03076000,390.00000000,0.03393
1749262696,0.03069000,3258.00000000,0.03393
1749262696,0.03060000,996.00000000,0.03393
1749262696,0.03059000,653.00000000,0.03393
1749262696,0.03055000,654.00000000,0.03393
1749262696,0.03049000,615.00000000,0.03393
1749262696,0.03043000,184.00000000,0.03393
1749263005,0.03393000,2445.00000000,0.03393
1749263005,0.03392000,3869.00000000,0.03393
1749263005,0.03390000,4221.00000000,0.03393
1749263005,0.03389000,2601.00000000,0.03393
1749263005,0.03388000,12963.00000000,0.03393
1749263005,0.03387000,14689.00000000,0.03393
1749263005,0.03386000,15771.00000000,0.03393
1749263005,0.03385000,11764.00000000,0.03393
1749263005,0.03384000,2116.00000000,0.03393
1749263005,0.03383000,14084.00000000,0.03393
1749263005,0.03382000,2122.00000000,0.03393
1749263005,0.03381000,13694.00000000,0.03393
1749263005,0.03380000,193540.00000000,0.03393
1749263005,0.03379000,244031.00000000,0.03393
1749263005,0.03378000,11773.00000000,0.03393
1749263005,0.03377000,11797.00000000,0.03393
1749263005,0.03376000,11782.00000000,0.03393
1749263005,0.03375000,178256.00000000,0.03393
1749263005,0.03374000,28055.00000000,0.03393
1749263005,0.03373000,13712.00000000,0.03393
1749263005,0.03372000,36738.00000000,0.03393
1749263005,0.03371000,51194.00000000,0.03393
1749263005,0.03370000,20953.00000000,0.03393
1749263005,0.03369000,11783.00000000,0.03393
1749263005,0.03368000,14204.00000000,0.03393
1749263005,0.03367000,4716.00000000,0.03393
1749263005,0.03364000,5884.00000000,0.03393
1749263005,0.03363000,209.00000000,0.03393
1749263005,0.03362000,102950.00000000,0.03393
1749263005,0.03361000,59186.00000000,0.03393
1749263005,0.03356000,292130.00000000,0.03393
1749263005,0.03355000,8699.00000000,0.03393
1749263005,0.03353000,209.00000000,0.03393
1749263005,0.03352000,16601.00000000,0.03393
1749263005,0.03349000,3874.00000000,0.03393
1749263005,0.03347000,890.00000000,0.03393
1749263005,0.03346000,1382.00000000,0.03393
1749263005,0.03343000,16506.00000000,0.03393
1749263005,0.03342000,24528.00000000,0.03393
1749263005,0.03340000,1184.00000000,0.03393
1749263005,0.03339000,4994.00000000,0.03393
1749263005,0.03338000,57.00000000,0.03393
1749263005,0.03337000,29914.00000000,0.03393
1749263005,0.03333000,209.00000000,0.03393
1749263005,0.03331000,5006.00000000,0.03393
1749263005,0.03329000,14537.00000000,0.03393
1749263005,0.03328000,79667.00000000,0.03393
1749263005,0.03326000,59076.00000000,0.03393
1749263005,0.03323000,209.00000000,0.03393
1749263005,0.03320000,158.00000000,0.03393
1749263005,0.03313000,20527.00000000,0.03393
1749263005,0.03309000,71740.00000000,0.03393
1749263005,0.03306000,3891.00000000,0.03393
1749263005,0.03303000,209.00000000,0.03393
1749263005,0.03302000,30231.00000000,0.03393
1749263005,0.03300000,1591.00000000,0.03393
1749263005,0.03293000,209.00000000,0.03393
1749263005,0.03290000,21064.00000000,0.03393
1749263005,0.03285000,158.00000000,0.03393
1749263005,0.03279000,183.00000000,0.03393
1749263005,0.03276000,26867.00000000,0.03393
1749263005,0.03268000,5656.00000000,0.03393
1749263005,0.03251000,158.00000000,0.03393
1749263005,0.03250000,1500.00000000,0.03393
1749263005,0.03242000,1260.00000000,0.03393
1749263005,0.03229000,508.00000000,0.03393
1749263005,0.03216000,158.00000000,0.03393
1749263005,0.03210000,174.00000000,0.03393
1749263005,0.03200000,354.00000000,0.03393
1749263005,0.03198000,371.00000000,0.03393
1749263005,0.03192000,220.00000000,0.03393
1749263005,0.03185000,1260.00000000,0.03393
1749263005,0.03182000,158.00000000,0.03393
1749263005,0.03180000,1982.00000000,0.03393
1749263005,0.03177000,283.00000000,0.03393
1749263005,0.03169000,158.00000000,0.03393
1749263005,0.03167000,18441.00000000,0.03393
1749263005,0.03164000,18441.00000000,0.03393
1749263005,0.03162000,668.00000000,0.03393
1749263005,0.03161000,18441.00000000,0.03393
1749263005,0.03158000,18441.00000000,0.03393
1749263005,0.03155000,18441.00000000,0.03393
1749263005,0.03133000,211.00000000,0.03393
1749263005,0.03131000,774.00000000,0.03393
1749263005,0.03130000,31948.00000000,0.03393
1749263005,0.03128000,903.00000000,0.03393
1749263005,0.03115000,100000.00000000,0.03393
1749263005,0.03105000,60000.00000000,0.03393
1749263005,0.03103000,15101.00000000,0.03393
1749263005,0.03100000,10200.00000000,0.03393
1749263005,0.03086000,2058.00000000,0.03393
1749263005,0.03076000,390.00000000,0.03393
1749263005,0.03069000,3258.00000000,0.03393
1749263005,0.03060000,996.00000000,0.03393
1749263005,0.03059000,653.00000000,0.03393
1749263005,0.03055000,654.00000000,0.03393
1749263005,0.03049000,615.00000000,0.03393
1749263005,0.03043000,184.00000000,0.03393
1749263005,0.03026000,371.00000000,0.03393
1749263005,0.03017000,287.00000000,0.03393
1749263313,0.03393000,8407.00000000,0.03393
1749263313,0.03392000,3869.00000000,0.03393
1749263313,0.03390000,4221.00000000,0.03393
1749263313,0.03389000,2601.00000000,0.03393
1749263313,0.03388000,12963.00000000,0.03393
1749263313,0.03387000,11759.00000000,0.03393
1749263313,0.03386000,18701.00000000,0.03393
1749263313,0.03385000,11764.00000000,0.03393
1749263313,0.03384000,13880.00000000,0.03393
1749263313,0.03383000,57521.00000000,0.03393
1749263313,0.03382000,27859.00000000,0.03393
1749263313,0.03381000,13694.00000000,0.03393
1749263313,0.03380000,143701.00000000,0.03393
1749263313,0.03379000,230044.00000000,0.03393
1749263313,0.03378000,18365.00000000,0.03393
1749263313,0.03377000,133177.00000000,0.03393
1749263313,0.03376000,70071.00000000,0.03393
1749263313,0.03375000,11783.00000000,0.03393
1749263313,0.03374000,42830.00000000,0.03393
1749263313,0.03373000,38712.00000000,0.03393
1749263313,0.03372000,36738.00000000,0.03393
1749263313,0.03371000,30903.00000000,0.03393
1749263313,0.03370000,9173.00000000,0.03393
1749263313,0.03365000,14223.00000000,0.03393
1749263313,0.03364000,5884.00000000,0.03393
1749263313,0.03363000,209.00000000,0.03393
1749263313,0.03362000,102950.00000000,0.03393
1749263313,0.03361000,98603.00000000,0.03393
1749263313,0.03360000,20149.00000000,0.03393
1749263313,0.03359000,15971.00000000,0.03393
1749263313,0.03358000,291956.00000000,0.03393
1749263313,0.03357000,3568.00000000,0.03393
1749263313,0.03355000,21934.00000000,0.03393
1749263313,0.03353000,32711.00000000,0.03393
1749263313,0.03351000,19727.00000000,0.03393
1749263313,0.03350000,16213.00000000,0.03393
1749263313,0.03349000,3874.00000000,0.03393
1749263313,0.03347000,20676.00000000,0.03393
1749263313,0.03346000,1382.00000000,0.03393
1749263313,0.03345000,16287.00000000,0.03393
1749263313,0.03343000,16684.00000000,0.03393
1749263313,0.03342000,8048.00000000,0.03393
1749263313,0.03340000,1184.00000000,0.03393
1749263313,0.03339000,4994.00000000,0.03393
1749263313,0.03338000,57.00000000,0.03393
1749263313,0.03337000,29914.00000000,0.03393
1749263313,0.03334000,3592.00000000,0.03393
1749263313,0.03333000,209.00000000,0.03393
1749263313,0.03331000,5006.00000000,0.03393
1749263313,0.03329000,14537.00000000,0.03393
1749263313,0.03328000,79667.00000000,0.03393
1749263313,0.03326000,59076.00000000,0.03393
1749263313,0.03323000,209.00000000,0.03393
1749263313,0.03320000,158.00000000,0.03393
1749263313,0.03313000,20527.00000000,0.03393
1749263313,0.03309000,71740.00000000,0.03393
1749263313,0.03306000,3891.00000000,0.03393
1749263313,0.03303000,209.00000000,0.03393
1749263313,0.03302000,30231.00000000,0.03393
1749263313,0.03300000,1591.00000000,0.03393
1749263313,0.03293000,209.00000000,0.03393
1749263313,0.03290000,21064.00000000,0.03393
1749263313,0.03285000,158.00000000,0.03393
1749263313,0.03279000,183.00000000,0.03393
1749263313,0.03276000,26867.00000000,0.03393
1749263313,0.03268000,5656.00000000,0.03393
1749263313,0.03251000,158.00000000,0.03393
1749263313,0.03250000,1500.00000000,0.03393
1749263313,0.03242000,1260.00000000,0.03393
1749263313,0.03229000,508.00000000,0.03393
1749263313,0.03216000,158.00000000,0.03393
1749263313,0.03210000,174.00000000,0.03393
1749263313,0.03200000,354.00000000,0.03393
1749263313,0.03198000,371.00000000,0.03393
1749263313,0.03192000,220.00000000,0.03393
1749263313,0.03185000,1260.00000000,0.03393
1749263313,0.03182000,158.00000000,0.03393
1749263313,0.03180000,1982.00000000,0.03393
1749263313,0.03177000,283.00000000,0.03393
1749263313,0.03169000,158.00000000,0.03393
1749263313,0.03167000,18441.00000000,0.03393
1749263313,0.03164000,18441.00000000,0.03393
1749263313,0.03162000,668.00000000,0.03393
1749263313,0.03161000,18441.00000000,0.03393
1749263313,0.03158000,18441.00000000,0.03393
1749263313,0.03155000,18441.00000000,0.03393
1749263313,0.03133000,211.00000000,0.03393
1749263313,0.03131000,774.00000000,0.03393
1749263313,0.03130000,31948.00000000,0.03393
1749263313,0.03128000,903.00000000,0.03393
1749263313,0.03115000,100000.00000000,0.03393
1749263313,0.03105000,60000.00000000,0.03393
1749263313,0.03103000,15101.00000000,0.03393
1749263313,0.03100000,10200.00000000,0.03393
1749263313,0.03086000,2058.00000000,0.03393
1749263313,0.03076000,390.00000000,0.03393
1749263313,0.03069000,3258.00000000,0.03393
1749263313,0.03060000,996.00000000,0.03393
1749263313,0.03059000,653.00000000,0.03393
1749263313,0.03055000,654.00000000,0.03393
1749263614,0.03393000,19654.00000000,0.03393
1749263614,0.03392000,3869.00000000,0.03393
1749263614,0.03390000,4221.00000000,0.03393
1749263614,0.03389000,2601.00000000,0.03393
1749263614,0.03388000,12963.00000000,0.03393
1749263614,0.03387000,11759.00000000,0.03393
1749263614,0.03386000,18701.00000000,0.03393
1749263614,0.03385000,11764.00000000,0.03393
1749263614,0.03384000,13880.00000000,0.03393
1749263614,0.03383000,32232.00000000,0.03393
1749263614,0.03382000,13884.00000000,0.03393
1749263614,0.03381000,38998.00000000,0.03393
1749263614,0.03380000,157684.00000000,0.03393
1749263614,0.03379000,230044.00000000,0.03393
1749263614,0.03378000,18365.00000000,0.03393
1749263614,0.03377000,26594.00000000,0.03393
1749263614,0.03376000,63544.00000000,0.03393
1749263614,0.03375000,164768.00000000,0.03393
1749263614,0.03374000,28020.00000000,0.03393
1749263614,0.03373000,13712.00000000,0.03393
1749263614,0.03372000,36738.00000000,0.03393
1749263614,0.03371000,30903.00000000,0.03393
1749263614,0.03370000,9173.00000000,0.03393
1749263614,0.03364000,5884.00000000,0.03393
1749263614,0.03363000,209.00000000,0.03393
1749263614,0.03362000,102950.00000000,0.03393
1749263614,0.03361000,59186.00000000,0.03393
1749263614,0.03360000,291782.00000000,0.03393
1749263614,0.03359000,36126.00000000,0.03393
1749263614,0.03358000,39452.00000000,0.03393
1749263614,0.03357000,3568.00000000,0.03393
1749263614,0.03356000,14255.00000000,0.03393
1749263614,0.03355000,5129.00000000,0.03393
1749263614,0.03353000,32711.00000000,0.03393
1749263614,0.03349000,23613.00000000,0.03393
1749263614,0.03347000,20676.00000000,0.03393
1749263614,0.03346000,1382.00000000,0.03393
1749263614,0.03345000,16287.00000000,0.03393
1749263614,0.03343000,16684.00000000,0.03393
1749263614,0.03342000,8048.00000000,0.03393
1749263614,0.03340000,1184.00000000,0.03393
1749263614,0.03339000,4994.00000000,0.03393
1749263614,0.03338000,57.00000000,0.03393
1749263614,0.03337000,29914.00000000,0.03393
1749263614,0.03333000,209.00000000,0.03393
1749263614,0.03331000,5006.00000000,0.03393
1749263614,0.03329000,14537.00000000,0.03393
1749263614,0.03328000,79667.00000000,0.03393
1749263614,0.03326000,59076.00000000,0.03393
1749263614,0.03323000,209.00000000,0.03393
1749263614,0.03320000,158.00000000,0.03393
1749263614,0.03313000,209.00000000,0.03393
1749263614,0.03309000,71740.00000000,0.03393
1749263614,0.03308000,30176.00000000,0.03393
1749263614,0.03306000,3891.00000000,0.03393
1749263614,0.03303000,209.00000000,0.03393
1749263614,0.03300000,1591.00000000,0.03393
1749263614,0.03293000,209.00000000,0.03393
1749263614,0.03290000,21064.00000000,0.03393
1749263614,0.03285000,158.00000000,0.03393
1749263614,0.03279000,183.00000000,0.03393
1749263614,0.03276000,26867.00000000,0.03393
1749263614,0.03268000,5656.00000000,0.03393
1749263614,0.03251000,158.00000000,0.03393
1749263614,0.03250000,1500.00000000,0.03393
1749263614,0.03242000,1260.00000000,0.03393
1749263614,0.03229000,508.00000000,0.03393
1749263614,0.03216000,158.00000000,0.03393
1749263614,0.03210000,174.00000000,0.03393
1749263614,0.03200000,354.00000000,0.03393
1749263614,0.03198000,371.00000000,0.03393
1749263614,0.03192000,220.00000000,0.03393
1749263614,0.03185000,1260.00000000,0.03393
1749263614,0.03182000,158.00000000,0.03393
1749263614,0.03180000,1982.00000000,0.03393
1749263614,0.03177000,283.00000000,0.03393
1749263614,0.03169000,158.00000000,0.03393
1749263614,0.03167000,18441.00000000,0.03393
1749263614,0.03164000,18441.00000000,0.03393
1749263614,0.03162000,668.00000000,0.03393
1749263614,0.03161000,18441.00000000,0.03393
1749263614,0.03158000,18441.00000000,0.03393
1749263614,0.03155000,18441.00000000,0.03393
1749263614,0.03133000,211.00000000,0.03393
1749263614,0.03131000,774.00000000,0.03393
1749263614,0.03130000,31948.00000000,0.03393
1749263614,0.03128000,903.00000000,0.03393
1749263614,0.03115000,100000.00000000,0.03393
1749263614,0.03105000,60000.00000000,0.03393
1749263614,0.03103000,15101.00000000,0.03393
1749263614,0.03100000,10200.00000000,0.03393
1749263614,0.03086000,2058.00000000,0.03393
1749263614,0.03076000,390.00000000,0.03393
1749263614,0.03069000,3258.00000000,0.03393
1749263614,0.03060000,996.00000000,0.03393
1749263614,0.03059000,653.00000000,0.03393
1749263614,0.03055000,654.00000000,0.03393
1749263614,0.03049000,615.00000000,0.03393
1749263614,0.03043000,184.00000000,0.03393
1749263614,0.03026000,371.00000000,0.03393
1749263916,0.03394000,16863.00000000,0.03394
1749263916,0.03393000,24002.00000000,0.03394
1749263916,0.03391000,4221.00000000,0.03394
1749263916,0.03389000,2601.00000000,0.03394
1749263916,0.03388000,15601.00000000,0.03394
1749263916,0.03387000,11759.00000000,0.03394
1749263916,0.03386000,19930.00000000,0.03394
1749263916,0.03385000,27235.00000000,0.03394
1749263916,0.03384000,53120.00000000,0.03394
1749263916,0.03383000,14084.00000000,0.03394
1749263916,0.03382000,145722.00000000,0.03394
1749263916,0.03381000,13694.00000000,0.03394
1749263916,0.03380000,16492.00000000,0.03394
1749263916,0.03379000,18352.00000000,0.03394
1749263916,0.03378000,146386.00000000,0.03394
1749263916,0.03377000,26594.00000000,0.03394
1749263916,0.03376000,81792.00000000,0.03394
1749263916,0.03375000,11783.00000000,0.03394
1749263916,0.03374000,28020.00000000,0.03394
1749263916,0.03373000,26395.00000000,0.03394
1749263916,0.03372000,36738.00000000,0.03394
1749263916,0.03371000,9174.00000000,0.03394
1749263916,0.03370000,24683.00000000,0.03394
1749263916,0.03364000,5884.00000000,0.03394
1749263916,0.03363000,16171.00000000,0.03394
1749263916,0.03362000,119501.00000000,0.03394
1749263916,0.03361000,36163.00000000,0.03394
1749263916,0.03360000,291782.00000000,0.03394
1749263916,0.03359000,50242.00000000,0.03394
1749263916,0.03358000,39452.00000000,0.03394
1749263916,0.03357000,3568.00000000,0.03394
1749263916,0.03355000,21945.00000000,0.03394
1749263916,0.03353000,16115.00000000,0.03394
1749263916,0.03351000,15634.00000000,0.03394
1749263916,0.03349000,24794.00000000,0.03394
1749263916,0.03348000,16223.00000000,0.03394
1749263916,0.03347000,36430.00000000,0.03394
1749263916,0.03346000,6366.00000000,0.03394
1749263916,0.03345000,16287.00000000,0.03394
1749263916,0.03343000,16684.00000000,0.03394
1749263916,0.03342000,8048.00000000,0.03394
1749263916,0.03338000,57.00000000,0.03394
1749263916,0.03337000,29914.00000000,0.03394
1749263916,0.03335000,58917.00000000,0.03394
1749263916,0.03334000,3592.00000000,0.03394
1749263916,0.03333000,209.00000000,0.03394
1749263916,0.03331000,5006.00000000,0.03394
1749263916,0.03329000,14537.00000000,0.03394
1749263916,0.03328000,79667.00000000,0.03394
1749263916,0.03323000,209.00000000,0.03394
1749263916,0.03320000,158.00000000,0.03394
1749263916,0.03313000,209.00000000,0.03394
1749263916,0.03309000,71740.00000000,0.03394
1749263916,0.03308000,30176.00000000,0.03394
1749263916,0.03307000,3890.00000000,0.03394
1749263916,0.03303000,209.00000000,0.03394
1749263916,0.03300000,1591.00000000,0.03394
1749263916,0.03293000,209.00000000,0.03394
1749263916,0.03290000,21064.00000000,0.03394
1749263916,0.03285000,158.00000000,0.03394
1749263916,0.03279000,183.00000000,0.03394
1749263916,0.03276000,26867.00000000,0.03394
1749263916,0.03268000,5656.00000000,0.03394
1749263916,0.03251000,158.00000000,0.03394
1749263916,0.03250000,1500.00000000,0.03394
1749263916,0.03242000,1260.00000000,0.03394
1749263916,0.03229000,508.00000000,0.03394
1749263916,0.03216000,158.00000000,0.03394
1749263916,0.03210000,174.00000000,0.03394
1749263916,0.03200000,354.00000000,0.03394
1749263916,0.03198000,371.00000000,0.03394
1749263916,0.03192000,220.00000000,0.03394
1749263916,0.03185000,1260.00000000,0.03394
1749263916,0.03182000,158.00000000,0.03394
1749263916,0.03180000,1982.00000000,0.03394
1749263916,0.03177000,283.00000000,0.03394
1749263916,0.03169000,158.00000000,0.03394
1749263916,0.03167000,18441.00000000,0.03394
1749263916,0.03164000,18441.00000000,0.03394
1749263916,0.03162000,668.00000000,0.03394
1749263916,0.03161000,18441.00000000,0.03394
1749263916,0.03158000,18441.00000000,0.03394
1749263916,0.03155000,18441.00000000,0.03394
1749263916,0.03133000,211.00000000,0.03394
1749263916,0.03131000,774.00000000,0.03394
1749263916,0.03130000,31948.00000000,0.03394
1749263916,0.03128000,903.00000000,0.03394
1749263916,0.03115000,100000.00000000,0.03394
1749263916,0.03105000,60000.00000000,0.03394
1749263916,0.03103000,15101.00000000,0.03394
1749263916,0.03100000,10200.00000000,0.03394
1749263916,0.03086000,2058.00000000,0.03394
1749263916,0.03076000,390.00000000,0.03394
1749263916,0.03069000,3258.00000000,0.03394
1749263916,0.03060000,996.00000000,0.03394
1749263916,0.03059000,653.00000000,0.03394
1749263916,0.03055000,654.00000000,0.03394
1749263916,0.03049000,615.00000000,0.03394
1749263916,0.03043000,184.00000000,0.03394
1749263916,0.03026000,371.00000000,0.03394
1749264218,0.03396000,2017.00000000,0.03396
1749264218,0.03395000,39864.00000000,0.03396
1749264218,0.03394000,230044.00000000,0.03396
1749264218,0.03393000,25135.00000000,0.03396
1749264218,0.03390000,11747.00000000,0.03396
1749264218,0.03389000,6107.00000000,0.03396
1749264218,0.03388000,13839.00000000,0.03396
1749264218,0.03387000,11759.00000000,0.03396
1749264218,0.03386000,11759.00000000,0.03396
1749264218,0.03385000,27370.00000000,0.03396
1749264218,0.03384000,140387.00000000,0.03396
1749264218,0.03383000,14084.00000000,0.03396
1749264218,0.03382000,45832.00000000,0.03396
1749264218,0.03381000,13694.00000000,0.03396
1749264218,0.03380000,151705.00000000,0.03396
1749264218,0.03379000,36761.00000000,0.03396
1749264218,0.03378000,25046.00000000,0.03396
1749264218,0.03377000,11797.00000000,0.03396
1749264218,0.03376000,39297.00000000,0.03396
1749264218,0.03375000,11783.00000000,0.03396
1749264218,0.03374000,64269.00000000,0.03396
1749264218,0.03373000,1932.00000000,0.03396
1749264218,0.03372000,39742.00000000,0.03396
1749264218,0.03370000,22962.00000000,0.03396
1749264218,0.03369000,115446.00000000,0.03396
1749264218,0.03366000,884.00000000,0.03396
1749264218,0.03364000,291435.00000000,0.03396
1749264218,0.03363000,34567.00000000,0.03396
1749264218,0.03362000,4960.00000000,0.03396
1749264218,0.03359000,36185.00000000,0.03396
1749264218,0.03358000,3567.00000000,0.03396
1749264218,0.03355000,16158.00000000,0.03396
1749264218,0.03353000,209.00000000,0.03396
1749264218,0.03352000,3871.00000000,0.03396
1749264218,0.03351000,23661.00000000,0.03396
1749264218,0.03348000,16620.00000000,0.03396
1749264218,0.03346000,4984.00000000,0.03396
1749264218,0.03343000,209.00000000,0.03396
1749264218,0.03342000,4990.00000000,0.03396
1749264218,0.03341000,14420.00000000,0.03396
1749264218,0.03340000,1184.00000000,0.03396
1749264218,0.03339000,16315.00000000,0.03396
1749264218,0.03338000,57.00000000,0.03396
1749264218,0.03337000,1386.00000000,0.03396
1749264218,0.03336000,3590.00000000,0.03396
1749264218,0.03335000,58917.00000000,0.03396
1749264218,0.03333000,209.00000000,0.03396
1749264218,0.03328000,79667.00000000,0.03396
1749264218,0.03323000,209.00000000,0.03396
1749264218,0.03320000,158.00000000,0.03396
1749264218,0.03313000,209.00000000,0.03396
1749264218,0.03309000,71740.00000000,0.03396
1749264218,0.03308000,30176.00000000,0.03396
1749264218,0.03307000,3890.00000000,0.03396
1749264218,0.03303000,209.00000000,0.03396
1749264218,0.03300000,1591.00000000,0.03396
1749264218,0.03293000,209.00000000,0.03396
1749264218,0.03290000,21064.00000000,0.03396
1749264218,0.03285000,158.00000000,0.03396
1749264218,0.03279000,183.00000000,0.03396
1749264218,0.03276000,26867.00000000,0.03396
1749264218,0.03268000,5656.00000000,0.03396
1749264218,0.03251000,158.00000000,0.03396
1749264218,0.03250000,1500.00000000,0.03396
1749264218,0.03242000,1260.00000000,0.03396
1749264218,0.03229000,508.00000000,0.03396
1749264218,0.03216000,158.00000000,0.03396
1749264218,0.03210000,174.00000000,0.03396
1749264218,0.03200000,354.00000000,0.03396
1749264218,0.03198000,371.00000000,0.03396
1749264218,0.03192000,220.00000000,0.03396
1749264218,0.03185000,1260.00000000,0.03396
1749264218,0.03182000,158.00000000,0.03396
1749264218,0.03180000,1982.00000000,0.03396
1749264218,0.03177000,283.00000000,0.03396
1749264218,0.03169000,158.00000000,0.03396
1749264218,0.03167000,18441.00000000,0.03396
1749264218,0.03164000,18441.00000000,0.03396
1749264218,0.03162000,668.00000000,0.03396
1749264218,0.03161000,18441.00000000,0.03396
1749264218,0.03158000,18441.00000000,0.03396
1749264218,0.03155000,18441.00000000,0.03396
1749264218,0.03133000,211.00000000,0.03396
1749264218,0.03131000,774.00000000,0.03396
1749264218,0.03130000,31948.00000000,0.03396
1749264218,0.03128000,903.00000000,0.03396
1749264218,0.03115000,100000.00000000,0.03396
1749264218,0.03105000,60000.00000000,0.03396
1749264218,0.03103000,15101.00000000,0.03396
1749264218,0.03100000,10200.00000000,0.03396
1749264218,0.03086000,2058.00000000,0.03396
1749264218,0.03076000,390.00000000,0.03396
1749264218,0.03069000,3258.00000000,0.03396
1749264218,0.03060000,996.00000000,0.03396
1749264218,0.03059000,653.00000000,0.03396
1749264218,0.03055000,654.00000000,0.03396
1749264218,0.03049000,615.00000000,0.03396
1749264218,0.03043000,184.00000000,0.03396
1749264218,0.03026000,371.00000000,0.03396
1749264218,0.03017000,287.00000000,0.03396
1749264519,0.03397000,7819.00000000,0.03399
1749264519,0.03395000,22615.00000000,0.03399
1749264519,0.03394000,238704.00000000,0.03399
1749264519,0.03393000,17968.00000000,0.03399
1749264519,0.03392000,2941.00000000,0.03399
1749264519,0.03391000,15759.00000000,0.03399
1749264519,0.03390000,132617.00000000,0.03399
1749264519,0.03389000,2091.00000000,0.03399
1749264519,0.03388000,13839.00000000,0.03399
1749264519,0.03387000,36759.00000000,0.03399
1749264519,0.03386000,11759.00000000,0.03399
1749264519,0.03385000,161981.00000000,0.03399
1749264519,0.03384000,13880.00000000,0.03399
1749264519,0.03383000,14084.00000000,0.03399
1749264519,0.03382000,29294.00000000,0.03399
1749264519,0.03381000,20388.00000000,0.03399
1749264519,0.03380000,16492.00000000,0.03399
1749264519,0.03379000,19838.00000000,0.03399
1749264519,0.03378000,11773.00000000,0.03399
1749264519,0.03377000,128673.00000000,0.03399
1749264519,0.03376000,46056.00000000,0.03399
1749264519,0.03375000,19235.00000000,0.03399
1749264519,0.03373000,1932.00000000,0.03399
1749264519,0.03372000,39742.00000000,0.03399
1749264519,0.03370000,22962.00000000,0.03399
1749264519,0.03369000,5806.00000000,0.03399
1749264519,0.03366000,884.00000000,0.03399
1749264519,0.03363000,209.00000000,0.03399
1749264519,0.03362000,291608.00000000,0.03399
1749264519,0.03361000,34375.00000000,0.03399
1749264519,0.03360000,3565.00000000,0.03399
1749264519,0.03359000,39440.00000000,0.03399
1749264519,0.03358000,4966.00000000,0.03399
1749264519,0.03355000,16158.00000000,0.03399
1749264519,0.03353000,209.00000000,0.03399
1749264519,0.03351000,31626.00000000,0.03399
1749264519,0.03348000,19780.00000000,0.03399
1749264519,0.03347000,16625.00000000,0.03399
1749264519,0.03346000,4984.00000000,0.03399
1749264519,0.03343000,209.00000000,0.03399
1749264519,0.03341000,14420.00000000,0.03399
1749264519,0.03340000,1184.00000000,0.03399
1749264519,0.03338000,32877.00000000,0.03399
1749264519,0.03337000,1386.00000000,0.03399
1749264519,0.03335000,58917.00000000,0.03399
1749264519,0.03334000,5002.00000000,0.03399
1749264519,0.03333000,209.00000000,0.03399
1749264519,0.03328000,79667.00000000,0.03399
1749264519,0.03323000,209.00000000,0.03399
1749264519,0.03320000,158.00000000,0.03399
1749264519,0.03313000,209.00000000,0.03399
1749264519,0.03312000,30140.00000000,0.03399
1749264519,0.03309000,71740.00000000,0.03399
1749264519,0.03307000,3890.00000000,0.03399
1749264519,0.03303000,209.00000000,0.03399
1749264519,0.03300000,1591.00000000,0.03399
1749264519,0.03293000,209.00000000,0.03399
1749264519,0.03290000,21064.00000000,0.03399
1749264519,0.03285000,158.00000000,0.03399
1749264519,0.03279000,183.00000000,0.03399
1749264519,0.03276000,26867.00000000,0.03399
1749264519,0.03268000,5656.00000000,0.03399
1749264519,0.03251000,158.00000000,0.03399
1749264519,0.03250000,1500.00000000,0.03399
1749264519,0.03242000,1260.00000000,0.03399
1749264519,0.03229000,508.00000000,0.03399
1749264519,0.03216000,158.00000000,0.03399
1749264519,0.03210000,174.00000000,0.03399
1749264519,0.03200000,354.00000000,0.03399
1749264519,0.03198000,371.00000000,0.03399
1749264519,0.03192000,220.00000000,0.03399
1749264519,0.03185000,1260.00000000,0.03399
1749264519,0.03182000,158.00000000,0.03399
1749264519,0.03180000,1982.00000000,0.03399
1749264519,0.03177000,283.00000000,0.03399
1749264519,0.03169000,158.00000000,0.03399
1749264519,0.03167000,18441.00000000,0.03399
1749264519,0.03164000,18441.00000000,0.03399
1749264519,0.03162000,668.00000000,0.03399
1749264519,0.03161000,18441.00000000,0.03399
1749264519,0.03158000,18441.00000000,0.03399
1749264519,0.03155000,18441.00000000,0.03399
1749264519,0.03133000,211.00000000,0.03399
1749264519,0.03131000,774.00000000,0.03399
1749264519,0.03130000,31948.00000000,0.03399
1749264519,0.03128000,903.00000000,0.03399
1749264519,0.03115000,100000.00000000,0.03399
1749264519,0.03105000,60000.00000000,0.03399
1749264519,0.03103000,15101.00000000,0.03399
1749264519,0.03100000,10200.00000000,0.03399
1749264519,0.03086000,2058.00000000,0.03399
1749264519,0.03076000,390.00000000,0.03399
1749264519,0.03069000,3258.00000000,0.03399
1749264519,0.03060000,996.00000000,0.03399
1749264519,0.03059000,653.00000000,0.03399
1749264519,0.03055000,654.00000000,0.03399
1749264519,0.03049000,615.00000000,0.03399
1749264519,0.03043000,184.00000000,0.03399
1749264519,0.03026000,371.00000000,0.03399
1749264519,0.03017000,287.00000000,0.03399
1749264821,0.03396000,14805.00000000,0.03396
1749264821,0.03395000,33860.00000000,0.03396
1749264821,0.03394000,230044.00000000,0.03396
1749264821,0.03393000,145615.00000000,0.03396
1749264821,0.03392000,29189.00000000,0.03396
1749264821,0.03390000,132626.00000000,0.03396
1749264821,0.03389000,13840.00000000,0.03396
1749264821,0.03388000,13839.00000000,0.03396
1749264821,0.03387000,11759.00000000,0.03396
1749264821,0.03386000,25717.00000000,0.03396
1749264821,0.03385000,11764.00000000,0.03396
1749264821,0.03384000,13880.00000000,0.03396
1749264821,0.03383000,45774.00000000,0.03396
1749264821,0.03382000,13884.00000000,0.03396
1749264821,0.03381000,20281.00000000,0.03396
1749264821,0.03380000,34819.00000000,0.03396
1749264821,0.03379000,34557.00000000,0.03396
1749264821,0.03378000,18523.00000000,0.03396
1749264821,0.03377000,11797.00000000,0.03396
1749264821,0.03376000,11782.00000000,0.03396
1749264821,0.03375000,39244.00000000,0.03396
1749264821,0.03374000,7452.00000000,0.03396
1749264821,0.03373000,1932.00000000,0.03396
1749264821,0.03372000,29902.00000000,0.03396
1749264821,0.03370000,22962.00000000,0.03396
1749264821,0.03369000,5806.00000000,0.03396
1749264821,0.03368000,291089.00000000,0.03396
1749264821,0.03367000,110350.00000000,0.03396
1749264821,0.03366000,14719.00000000,0.03396
1749264821,0.03364000,15958.00000000,0.03396
1749264821,0.03363000,59733.00000000,0.03396
1749264821,0.03362000,41096.00000000,0.03396
1749264821,0.03360000,3565.00000000,0.03396
1749264821,0.03358000,16801.00000000,0.03396
1749264821,0.03357000,15851.00000000,0.03396
1749264821,0.03356000,16230.00000000,0.03396
1749264821,0.03355000,18123.00000000,0.03396
1749264821,0.03354000,15901.00000000,0.03396
1749264821,0.03353000,67474.00000000,0.03396
1749264821,0.03352000,3871.00000000,0.03396
1749264821,0.03351000,8027.00000000,0.03396
1749264821,0.03349000,17629.00000000,0.03396
1749264821,0.03348000,19780.00000000,0.03396
1749264821,0.03343000,209.00000000,0.03396
1749264821,0.03342000,4990.00000000,0.03396
1749264821,0.03341000,14420.00000000,0.03396
1749264821,0.03338000,57.00000000,0.03396
1749264821,0.03335000,58917.00000000,0.03396
1749264821,0.03333000,209.00000000,0.03396
1749264821,0.03328000,79667.00000000,0.03396
1749264821,0.03323000,209.00000000,0.03396
1749264821,0.03320000,158.00000000,0.03396
1749264821,0.03313000,209.00000000,0.03396
1749264821,0.03312000,30140.00000000,0.03396
1749264821,0.03309000,71740.00000000,0.03396
1749264821,0.03307000,3890.00000000,0.03396
1749264821,0.03303000,209.00000000,0.03396
1749264821,0.03300000,1591.00000000,0.03396
1749264821,0.03293000,209.00000000,0.03396
1749264821,0.03290000,21064.00000000,0.03396
1749264821,0.03285000,158.00000000,0.03396
1749264821,0.03276000,26867.00000000,0.03396
1749264821,0.03268000,5656.00000000,0.03396
1749264821,0.03251000,158.00000000,0.03396
1749264821,0.03250000,1500.00000000,0.03396
1749264821,0.03242000,1260.00000000,0.03396
1749264821,0.03229000,508.00000000,0.03396
1749264821,0.03216000,158.00000000,0.03396
1749264821,0.03210000,174.00000000,0.03396
1749264821,0.03200000,354.00000000,0.03396
1749264821,0.03198000,371.00000000,0.03396
1749264821,0.03192000,220.00000000,0.03396
1749264821,0.03185000,1260.00000000,0.03396
1749264821,0.03182000,158.00000000,0.03396
1749264821,0.03180000,1982.00000000,0.03396
1749264821,0.03169000,158.00000000,0.03396
1749264821,0.03167000,18441.00000000,0.03396
1749264821,0.03164000,18441.00000000,0.03396
1749264821,0.03162000,668.00000000,0.03396
1749264821,0.03161000,18441.00000000,0.03396
1749264821,0.03158000,18441.00000000,0.03396
1749264821,0.03155000,18441.00000000,0.03396
1749264821,0.03133000,211.00000000,0.03396
1749264821,0.03131000,774.00000000,0.03396
1749264821,0.03130000,31948.00000000,0.03396
1749264821,0.03128000,903.00000000,0.03396
1749264821,0.03115000,100000.00000000,0.03396
1749264821,0.03105000,60000.00000000,0.03396
1749264821,0.03103000,15101.00000000,0.03396
1749264821,0.03100000,10200.00000000,0.03396
1749264821,0.03086000,2058.00000000,0.03396
1749264821,0.03069000,3258.00000000,0.03396
1749264821,0.03060000,996.00000000,0.03396
1749264821,0.03059000,653.00000000,0.03396
1749264821,0.03055000,654.00000000,0.03396
1749264821,0.03049000,615.00000000,0.03396
1749264821,0.03043000,184.00000000,0.03396
1749264821,0.03026000,371.00000000,0.03396
1749264821,0.03017000,287.00000000,0.03396
1749264821,0.03012000,500.00000000,0.03396
1749265123,0.03399000,8874.00000000,0.03399
1749265123,0.03397000,31720.00000000,0.03399
1749265123,0.03396000,126568.00000000,0.03399
1749265123,0.03394000,237000.00000000,0.03399
1749265123,0.03393000,138712.00000000,0.03399
1749265123,0.03392000,36896.00000000,0.03399
1749265123,0.03391000,18419.00000000,0.03399
1749265123,0.03390000,11754.00000000,0.03399
1749265123,0.03389000,34357.00000000,0.03399
1749265123,0.03388000,13839.00000000,0.03399
1749265123,0.03387000,18266.00000000,0.03399
1749265123,0.03386000,40471.00000000,0.03399
1749265123,0.03385000,26526.00000000,0.03399
1749265123,0.03384000,15340.00000000,0.03399
1749265123,0.03383000,39084.00000000,0.03399
1749265123,0.03382000,58880.00000000,0.03399
1749265123,0.03381000,38584.00000000,0.03399
1749265123,0.03380000,26532.00000000,0.03399
1749265123,0.03379000,24492.00000000,0.03399
1749265123,0.03378000,25536.00000000,0.03399
1749265123,0.03377000,19187.00000000,0.03399
1749265123,0.03376000,290399.00000000,0.03399
1749265123,0.03375000,5906.00000000,0.03399
1749265123,0.03373000,112282.00000000,0.03399
1749265123,0.03372000,44234.00000000,0.03399
1749265123,0.03371000,36040.00000000,0.03399
1749265123,0.03370000,22962.00000000,0.03399
1749265123,0.03367000,16756.00000000,0.03399
1749265123,0.03366000,16693.00000000,0.03399
1749265123,0.03364000,51913.00000000,0.03399
1749265123,0.03363000,36019.00000000,0.03399
1749265123,0.03362000,21115.00000000,0.03399
1749265123,0.03360000,15593.00000000,0.03399
1749265123,0.03356000,39835.00000000,0.03399
1749265123,0.03355000,1537.00000000,0.03399
1749265123,0.03353000,19924.00000000,0.03399
1749265123,0.03351000,8027.00000000,0.03399
1749265123,0.03349000,17629.00000000,0.03399
1749265123,0.03344000,58758.00000000,0.03399
1749265123,0.03343000,209.00000000,0.03399
1749265123,0.03342000,8574.00000000,0.03399
1749265123,0.03341000,14420.00000000,0.03399
1749265123,0.03338000,57.00000000,0.03399
1749265123,0.03333000,209.00000000,0.03399
1749265123,0.03328000,79667.00000000,0.03399
1749265123,0.03323000,209.00000000,0.03399
1749265123,0.03320000,158.00000000,0.03399
1749265123,0.03313000,4093.00000000,0.03399
1749265123,0.03312000,30140.00000000,0.03399
1749265123,0.03309000,71740.00000000,0.03399
1749265123,0.03303000,209.00000000,0.03399
1749265123,0.03300000,1591.00000000,0.03399
1749265123,0.03293000,209.00000000,0.03399
1749265123,0.03290000,21064.00000000,0.03399
1749265123,0.03285000,158.00000000,0.03399
1749265123,0.03276000,26867.00000000,0.03399
1749265123,0.03268000,5656.00000000,0.03399
1749265123,0.03251000,158.00000000,0.03399
1749265123,0.03250000,1500.00000000,0.03399
1749265123,0.03242000,1260.00000000,0.03399
1749265123,0.03229000,508.00000000,0.03399
1749265123,0.03216000,158.00000000,0.03399
1749265123,0.03210000,174.00000000,0.03399
1749265123,0.03200000,354.00000000,0.03399
1749265123,0.03198000,371.00000000,0.03399
1749265123,0.03192000,220.00000000,0.03399
1749265123,0.03185000,1260.00000000,0.03399
1749265123,0.03182000,158.00000000,0.03399
1749265123,0.03180000,1982.00000000,0.03399
1749265123,0.03169000,158.00000000,0.03399
1749265123,0.03167000,18441.00000000,0.03399
1749265123,0.03164000,18441.00000000,0.03399
1749265123,0.03162000,668.00000000,0.03399
1749265123,0.03161000,18441.00000000,0.03399
1749265123,0.03158000,18441.00000000,0.03399
1749265123,0.03155000,18441.00000000,0.03399
1749265123,0.03133000,211.00000000,0.03399
1749265123,0.03131000,774.00000000,0.03399
1749265123,0.03130000,31948.00000000,0.03399
1749265123,0.03128000,903.00000000,0.03399
1749265123,0.03115000,100000.00000000,0.03399
1749265123,0.03105000,60000.00000000,0.03399
1749265123,0.03103000,15101.00000000,0.03399
1749265123,0.03100000,10200.00000000,0.03399
1749265123,0.03086000,2058.00000000,0.03399
1749265123,0.03069000,3258.00000000,0.03399
1749265123,0.03060000,996.00000000,0.03399
1749265123,0.03059000,653.00000000,0.03399
1749265123,0.03055000,654.00000000,0.03399
1749265123,0.03049000,615.00000000,0.03399
1749265123,0.03043000,184.00000000,0.03399
1749265123,0.03026000,371.00000000,0.03399
1749265123,0.03017000,287.00000000,0.03399
1749265123,0.03012000,500.00000000,0.03399
1749265123,0.03010000,5332.00000000,0.03399
1749265123,0.03004000,1204.00000000,0.03399
1749265123,0.03000000,14258.00000000,0.03399
1749265123,0.02988000,965.00000000,0.03399
1749265123,0.02960000,3040.00000000,0.03399
1749265123,0.02950000,2050.00000000,0.03399
1749265424,0.03395000,47428.00000000,0.03395
1749265424,0.03394000,238665.00000000,0.03395
1749265424,0.03393000,17968.00000000,0.03395
1749265424,0.03391000,2941.00000000,0.03395
1749265424,0.03390000,11754.00000000,0.03395
1749265424,0.03389000,17846.00000000,0.03395
1749265424,0.03388000,13839.00000000,0.03395
1749265424,0.03387000,36987.00000000,0.03395
1749265424,0.03386000,44567.00000000,0.03395
1749265424,0.03385000,143461.00000000,0.03395
1749265424,0.03384000,15340.00000000,0.03395
1749265424,0.03383000,14084.00000000,0.03395
1749265424,0.03382000,65464.00000000,0.03395
1749265424,0.03381000,146127.00000000,0.03395
1749265424,0.03380000,18529.00000000,0.03395
1749265424,0.03379000,51549.00000000,0.03395
1749265424,0.03378000,26491.00000000,0.03395
1749265424,0.03377000,11735.00000000,0.03395
1749265424,0.03376000,36680.00000000,0.03395
1749265424,0.03375000,12690.00000000,0.03395
1749265424,0.03374000,11749.00000000,0.03395
1749265424,0.03373000,9384.00000000,0.03395
1749265424,0.03372000,18768.00000000,0.03395
1749265424,0.03371000,36062.00000000,0.03395
1749265424,0.03370000,28854.00000000,0.03395
1749265424,0.03368000,291089.00000000,0.03395
1749265424,0.03367000,16756.00000000,0.03395
1749265424,0.03366000,16693.00000000,0.03395
1749265424,0.03365000,112010.00000000,0.03395
1749265424,0.03364000,31812.00000000,0.03395
1749265424,0.03363000,75412.00000000,0.03395
1749265424,0.03362000,37665.00000000,0.03395
1749265424,0.03361000,3564.00000000,0.03395
1749265424,0.03360000,15593.00000000,0.03395
1749265424,0.03358000,1178.00000000,0.03395
1749265424,0.03356000,35969.00000000,0.03395
1749265424,0.03355000,1537.00000000,0.03395
1749265424,0.03353000,19924.00000000,0.03395
1749265424,0.03351000,11899.00000000,0.03395
1749265424,0.03344000,58758.00000000,0.03395
1749265424,0.03343000,209.00000000,0.03395
1749265424,0.03342000,4990.00000000,0.03395
1749265424,0.03341000,14420.00000000,0.03395
1749265424,0.03338000,57.00000000,0.03395
1749265424,0.03336000,3590.00000000,0.03395
1749265424,0.03333000,209.00000000,0.03395
1749265424,0.03328000,79667.00000000,0.03395
1749265424,0.03323000,209.00000000,0.03395
1749265424,0.03320000,158.00000000,0.03395
1749265424,0.03313000,4093.00000000,0.03395
1749265424,0.03312000,30140.00000000,0.03395
1749265424,0.03309000,71740.00000000,0.03395
1749265424,0.03303000,209.00000000,0.03395
1749265424,0.03300000,1591.00000000,0.03395
1749265424,0.03293000,209.00000000,0.03395
1749265424,0.03290000,21064.00000000,0.03395
1749265424,0.03285000,158.00000000,0.03395
1749265424,0.03276000,26867.00000000,0.03395
1749265424,0.03268000,5656.00000000,0.03395
1749265424,0.03251000,158.00000000,0.03395
1749265424,0.03250000,1500.00000000,0.03395
1749265424,0.03242000,1260.00000000,0.03395
1749265424,0.03229000,508.00000000,0.03395
1749265424,0.03216000,158.00000000,0.03395
1749265424,0.03210000,174.00000000,0.03395
1749265424,0.03200000,354.00000000,0.03395
1749265424,0.03198000,371.00000000,0.03395
1749265424,0.03192000,220.00000000,0.03395
1749265424,0.03185000,1260.00000000,0.03395
1749265424,0.03182000,158.00000000,0.03395
1749265424,0.03180000,1982.00000000,0.03395
1749265424,0.03169000,158.00000000,0.03395
1749265424,0.03167000,18441.00000000,0.03395
1749265424,0.03164000,18441.00000000,0.03395
1749265424,0.03162000,668.00000000,0.03395
1749265424,0.03161000,18441.00000000,0.03395
1749265424,0.03158000,18441.00000000,0.03395
1749265424,0.03155000,18441.00000000,0.03395
1749265424,0.03133000,211.00000000,0.03395
1749265424,0.03131000,774.00000000,0.03395
1749265424,0.03130000,31948.00000000,0.03395
1749265424,0.03128000,903.00000000,0.03395
1749265424,0.03115000,100000.00000000,0.03395
1749265424,0.03105000,60000.00000000,0.03395
1749265424,0.03103000,15101.00000000,0.03395
1749265424,0.03100000,10200.00000000,0.03395
1749265424,0.03086000,2058.00000000,0.03395
1749265424,0.03069000,3258.00000000,0.03395
1749265424,0.03060000,996.00000000,0.03395
1749265424,0.03059000,653.00000000,0.03395
1749265424,0.03055000,654.00000000,0.03395
1749265424,0.03049000,615.00000000,0.03395
1749265424,0.03043000,184.00000000,0.03395
1749265424,0.03026000,371.00000000,0.03395
1749265424,0.03017000,287.00000000,0.03395
1749265424,0.03012000,500.00000000,0.03395
1749265424,0.03010000,5332.00000000,0.03395
1749265424,0.03004000,1204.00000000,0.03395
1749265424,0.03000000,14258.00000000,0.03395
1749265424,0.02988000,965.00000000,0.03395
1749265730,0.03401000,29227.00000000,0.03401
1749265730,0.03399000,8808.00000000,0.03401
1749265730,0.03398000,25724.00000000,0.03401
1749265730,0.03397000,57152.00000000,0.03401
1749265730,0.03396000,13093.00000000,0.03401
1749265730,0.03395000,36854.00000000,0.03401
1749265730,0.03394000,230044.00000000,0.03401
1749265730,0.03393000,11959.00000000,0.03401
1749265730,0.03392000,11735.00000000,0.03401
1749265730,0.03391000,143383.00000000,0.03401
1749265730,0.03390000,34911.00000000,0.03401
1749265730,0.03389000,13840.00000000,0.03401
1749265730,0.03388000,134737.00000000,0.03401
1749265730,0.03387000,31571.00000000,0.03401
1749265730,0.03386000,26517.00000000,0.03401
1749265730,0.03385000,26491.00000000,0.03401
1749265730,0.03384000,40340.00000000,0.03401
1749265730,0.03383000,14084.00000000,0.03401
1749265730,0.03382000,58880.00000000,0.03401
1749265730,0.03381000,26444.00000000,0.03401
1749265730,0.03380000,11723.00000000,0.03401
1749265730,0.03379000,13804.00000000,0.03401
1749265730,0.03378000,34626.00000000,0.03401
1749265730,0.03377000,19175.00000000,0.03401
1749265730,0.03376000,60947.00000000,0.03401
1749265730,0.03375000,5775.00000000,0.03401
1749265730,0.03374000,290571.00000000,0.03401
1749265730,0.03373000,128174.00000000,0.03401
1749265730,0.03372000,44234.00000000,0.03401
1749265730,0.03371000,16505.00000000,0.03401
1749265730,0.03369000,20097.00000000,0.03401
1749265730,0.03367000,16756.00000000,0.03401
1749265730,0.03366000,16693.00000000,0.03401
1749265730,0.03365000,19746.00000000,0.03401
1749265730,0.03364000,17229.00000000,0.03401
1749265730,0.03363000,15888.00000000,0.03401
1749265730,0.03362000,21115.00000000,0.03401
1749265730,0.03360000,15593.00000000,0.03401
1749265730,0.03359000,16399.00000000,0.03401
1749265730,0.03358000,1178.00000000,0.03401
1749265730,0.03357000,3865.00000000,0.03401
1749265730,0.03356000,19739.00000000,0.03401
1749265730,0.03355000,158.00000000,0.03401
1749265730,0.03353000,19924.00000000,0.03401
1749265730,0.03351000,8027.00000000,0.03401
1749265730,0.03349000,4979.00000000,0.03401
1749265730,0.03344000,58758.00000000,0.03401
1749265730,0.03343000,209.00000000,0.03401
1749265730,0.03341000,14420.00000000,0.03401
1749265730,0.03338000,57.00000000,0.03401
1749265730,0.03333000,209.00000000,0.03401
1749265730,0.03328000,79667.00000000,0.03401
1749265730,0.03323000,209.00000000,0.03401
1749265730,0.03320000,158.00000000,0.03401
1749265730,0.03316000,30104.00000000,0.03401
1749265730,0.03313000,4093.00000000,0.03401
1749265730,0.03309000,71740.00000000,0.03401
1749265730,0.03303000,209.00000000,0.03401
1749265730,0.03300000,1591.00000000,0.03401
1749265730,0.03293000,209.00000000,0.03401
1749265730,0.03290000,21064.00000000,0.03401
1749265730,0.03285000,158.00000000,0.03401
1749265730,0.03276000,26867.00000000,0.03401
1749265730,0.03268000,5656.00000000,0.03401
1749265730,0.03251000,158.00000000,0.03401
1749265730,0.03250000,1500.00000000,0.03401
1749265730,0.03242000,1260.00000000,0.03401
1749265730,0.03229000,508.00000000,0.03401
1749265730,0.03216000,158.00000000,0.03401
1749265730,0.03210000,174.00000000,0.03401
1749265730,0.03200000,354.00000000,0.03401
1749265730,0.03198000,371.00000000,0.03401
1749265730,0.03192000,220.00000000,0.03401
1749265730,0.03185000,1260.00000000,0.03401
1749265730,0.03182000,158.00000000,0.03401
1749265730,0.03180000,1982.00000000,0.03401
1749265730,0.03169000,158.00000000,0.03401
1749265730,0.03167000,18441.00000000,0.03401
1749265730,0.03164000,18441.00000000,0.03401
1749265730,0.03162000,668.00000000,0.03401
1749265730,0.03161000,18441.00000000,0.03401
1749265730,0.03158000,18441.00000000,0.03401
1749265730,0.03155000,18441.00000000,0.03401
1749265730,0.03133000,211.00000000,0.03401
1749265730,0.03131000,774.00000000,0.03401
1749265730,0.03130000,31948.00000000,0.03401
1749265730,0.03128000,903.00000000,0.03401
1749265730,0.03115000,100000.00000000,0.03401
1749265730,0.03105000,60000.00000000,0.03401
1749265730,0.03103000,15101.00000000,0.03401
1749265730,0.03100000,10200.00000000,0.03401
1749265730,0.03086000,2058.00000000,0.03401
1749265730,0.03069000,3258.00000000,0.03401
1749265730,0.03060000,996.00000000,0.03401
1749265730,0.03059000,653.00000000,0.03401
1749265730,0.03055000,654.00000000,0.03401
1749265730,0.03049000,615.00000000,0.03401
1749265730,0.03043000,184.00000000,0.03401
1749265730,0.03026000,371.00000000,0.03401
1749265730,0.03017000,287.00000000,0.03401
1749266032,0.03403000,7997.00000000,0.03403
1749266032,0.03402000,18151.00000000,0.03403
1749266032,0.03401000,22286.00000000,0.03403
1749266032,0.03399000,15891.00000000,0.03403
1749266032,0.03398000,29093.00000000,0.03403
1749266032,0.03397000,13768.00000000,0.03403
1749266032,0.03396000,61929.00000000,0.03403
1749266032,0.03395000,18402.00000000,0.03403
1749266032,0.03394000,373267.00000000,0.03403
1749266032,0.03393000,72503.00000000,0.03403
1749266032,0.03392000,11735.00000000,0.03403
1749266032,0.03391000,18230.00000000,0.03403
1749266032,0.03390000,191236.00000000,0.03403
1749266032,0.03389000,44754.00000000,0.03403
1749266032,0.03388000,13839.00000000,0.03403
1749266032,0.03387000,11759.00000000,0.03403
1749266032,0.03386000,11759.00000000,0.03403
1749266032,0.03385000,36635.00000000,0.03403
1749266032,0.03384000,38880.00000000,0.03403
1749266032,0.03383000,49730.00000000,0.03403
1749266032,0.03382000,13884.00000000,0.03403
1749266032,0.03381000,26078.00000000,0.03403
1749266032,0.03380000,16462.00000000,0.03403
1749266032,0.03377000,52706.00000000,0.03403
1749266032,0.03376000,290399.00000000,0.03403
1749266032,0.03375000,21541.00000000,0.03403
1749266032,0.03373000,143986.00000000,0.03403
1749266032,0.03372000,54925.00000000,0.03403
1749266032,0.03371000,21059.00000000,0.03403
1749266032,0.03369000,53174.00000000,0.03403
1749266032,0.03366000,884.00000000,0.03403
1749266032,0.03365000,19746.00000000,0.03403
1749266032,0.03364000,1375.00000000,0.03403
1749266032,0.03363000,19866.00000000,0.03403
1749266032,0.03361000,8003.00000000,0.03403
1749266032,0.03359000,3863.00000000,0.03403
1749266032,0.03356000,19739.00000000,0.03403
1749266032,0.03355000,158.00000000,0.03403
1749266032,0.03353000,58809.00000000,0.03403
1749266032,0.03349000,4979.00000000,0.03403
1749266032,0.03343000,209.00000000,0.03403
1749266032,0.03341000,18005.00000000,0.03403
1749266032,0.03338000,57.00000000,0.03403
1749266032,0.03333000,209.00000000,0.03403
1749266032,0.03328000,79667.00000000,0.03403
1749266032,0.03324000,450.00000000,0.03403
1749266032,0.03323000,209.00000000,0.03403
1749266032,0.03320000,158.00000000,0.03403
1749266032,0.03316000,30104.00000000,0.03403
1749266032,0.03313000,4093.00000000,0.03403
1749266032,0.03309000,71740.00000000,0.03403
1749266032,0.03303000,209.00000000,0.03403
1749266032,0.03300000,1591.00000000,0.03403
1749266032,0.03293000,209.00000000,0.03403
1749266032,0.03290000,21064.00000000,0.03403
1749266032,0.03285000,158.00000000,0.03403
1749266032,0.03276000,26867.00000000,0.03403
1749266032,0.03268000,5656.00000000,0.03403
1749266032,0.03251000,158.00000000,0.03403
1749266032,0.03250000,1500.00000000,0.03403
1749266032,0.03242000,1260.00000000,0.03403
1749266032,0.03229000,508.00000000,0.03403
1749266032,0.03216000,158.00000000,0.03403
1749266032,0.03210000,174.00000000,0.03403
1749266032,0.03200000,354.00000000,0.03403
1749266032,0.03198000,371.00000000,0.03403
1749266032,0.03192000,220.00000000,0.03403
1749266032,0.03185000,1260.00000000,0.03403
1749266032,0.03182000,158.00000000,0.03403
1749266032,0.03180000,1982.00000000,0.03403
1749266032,0.03169000,158.00000000,0.03403
1749266032,0.03167000,18441.00000000,0.03403
1749266032,0.03164000,18441.00000000,0.03403
1749266032,0.03162000,668.00000000,0.03403
1749266032,0.03161000,18441.00000000,0.03403
1749266032,0.03158000,18441.00000000,0.03403
1749266032,0.03155000,18441.00000000,0.03403
1749266032,0.03133000,211.00000000,0.03403
1749266032,0.03131000,774.00000000,0.03403
1749266032,0.03130000,31948.00000000,0.03403
1749266032,0.03128000,903.00000000,0.03403
1749266032,0.03115000,100000.00000000,0.03403
1749266032,0.03105000,60000.00000000,0.03403
1749266032,0.03103000,15101.00000000,0.03403
1749266032,0.03100000,10200.00000000,0.03403
1749266032,0.03086000,2058.00000000,0.03403
1749266032,0.03069000,3258.00000000,0.03403
1749266032,0.03060000,996.00000000,0.03403
1749266032,0.03059000,653.00000000,0.03403
1749266032,0.03055000,654.00000000,0.03403
1749266032,0.03049000,615.00000000,0.03403
1749266032,0.03043000,184.00000000,0.03403
1749266032,0.03026000,371.00000000,0.03403
1749266032,0.03017000,287.00000000,0.03403
1749266032,0.03012000,500.00000000,0.03403
1749266032,0.03010000,5332.00000000,0.03403
1749266032,0.03004000,1204.00000000,0.03403
1749266032,0.03000000,14258.00000000,0.03403
1749266032,0.02988000,965.00000000,0.03403
1749266032,0.02960000,3040.00000000,0.03403
1749266334,0.03406000,404.00000000,0.03409
1749266334,0.03405000,879.00000000,0.03409
1749266334,0.03404000,3618.00000000,0.03409
1749266334,0.03403000,9038.00000000,0.03409
1749266334,0.03402000,8042.00000000,0.03409
1749266334,0.03401000,51552.00000000,0.03409
1749266334,0.03400000,136064.00000000,0.03409
1749266334,0.03399000,18473.00000000,0.03409
1749266334,0.03398000,22508.00000000,0.03409
1749266334,0.03397000,20256.00000000,0.03409
1749266334,0.03396000,207217.00000000,0.03409
1749266334,0.03395000,46076.00000000,0.03409
1749266334,0.03394000,246424.00000000,0.03409
1749266334,0.03393000,50241.00000000,0.03409
1749266334,0.03392000,26467.00000000,0.03409
1749266334,0.03391000,26431.00000000,0.03409
1749266334,0.03390000,56657.00000000,0.03409
1749266334,0.03389000,15296.00000000,0.03409
1749266334,0.03388000,38643.00000000,0.03409
1749266334,0.03387000,35892.00000000,0.03409
1749266334,0.03386000,11704.00000000,0.03409
1749266334,0.03384000,12791.00000000,0.03409
1749266334,0.03383000,30536.00000000,0.03409
1749266334,0.03382000,15873.00000000,0.03409
1749266334,0.03381000,5875.00000000,0.03409
1749266334,0.03380000,128442.00000000,0.03409
1749266334,0.03379000,39218.00000000,0.03409
1749266334,0.03378000,290227.00000000,0.03409
1749266334,0.03377000,36758.00000000,0.03409
1749266334,0.03375000,15766.00000000,0.03409
1749266334,0.03374000,3550.00000000,0.03409
1749266334,0.03373000,20965.00000000,0.03409
1749266334,0.03372000,15637.00000000,0.03409
1749266334,0.03371000,16112.00000000,0.03409
1749266334,0.03370000,1372.00000000,0.03409
1749266334,0.03369000,31901.00000000,0.03409
1749266334,0.03367000,3854.00000000,0.03409
1749266334,0.03366000,884.00000000,0.03409
1749266334,0.03364000,40841.00000000,0.03409
1749266334,0.03363000,19866.00000000,0.03409
1749266334,0.03361000,8003.00000000,0.03409
1749266334,0.03360000,1177.00000000,0.03409
1749266334,0.03357000,1260.00000000,0.03409
1749266334,0.03355000,158.00000000,0.03409
1749266334,0.03354000,14554.00000000,0.03409
1749266334,0.03353000,58809.00000000,0.03409
1749266334,0.03350000,3575.00000000,0.03409
1749266334,0.03349000,4979.00000000,0.03409
1749266334,0.03343000,209.00000000,0.03409
1749266334,0.03338000,57.00000000,0.03409
1749266334,0.03333000,209.00000000,0.03409
1749266334,0.03328000,79667.00000000,0.03409
1749266334,0.03327000,29756.00000000,0.03409
1749266334,0.03323000,209.00000000,0.03409
1749266334,0.03320000,158.00000000,0.03409
1749266334,0.03317000,3878.00000000,0.03409
1749266334,0.03313000,209.00000000,0.03409
1749266334,0.03309000,71740.00000000,0.03409
1749266334,0.03303000,209.00000000,0.03409
1749266334,0.03300000,1591.00000000,0.03409
1749266334,0.03299000,26682.00000000,0.03409
1749266334,0.03293000,209.00000000,0.03409
1749266334,0.03290000,21064.00000000,0.03409
1749266334,0.03285000,158.00000000,0.03409
1749266334,0.03268000,5656.00000000,0.03409
1749266334,0.03251000,158.00000000,0.03409
1749266334,0.03250000,1500.00000000,0.03409
1749266334,0.03242000,1260.00000000,0.03409
1749266334,0.03229000,508.00000000,0.03409
1749266334,0.03216000,158.00000000,0.03409
1749266334,0.03210000,174.00000000,0.03409
1749266334,0.03200000,354.00000000,0.03409
1749266334,0.03198000,371.00000000,0.03409
1749266334,0.03192000,220.00000000,0.03409
1749266334,0.03185000,1260.00000000,0.03409
1749266334,0.03182000,158.00000000,0.03409
1749266334,0.03180000,1982.00000000,0.03409
1749266334,0.03169000,158.00000000,0.03409
1749266334,0.03167000,18441.00000000,0.03409
1749266334,0.03164000,18441.00000000,0.03409
1749266334,0.03162000,668.00000000,0.03409
1749266334,0.03161000,18441.00000000,0.03409
1749266334,0.03158000,18441.00000000,0.03409
1749266334,0.03155000,18441.00000000,0.03409
1749266334,0.03133000,211.00000000,0.03409
1749266334,0.03131000,774.00000000,0.03409
1749266334,0.03130000,31948.00000000,0.03409
1749266334,0.03128000,903.00000000,0.03409
1749266334,0.03115000,100000.00000000,0.03409
1749266334,0.03105000,60000.00000000,0.03409
1749266334,0.03103000,15101.00000000,0.03409
1749266334,0.03100000,10200.00000000,0.03409
1749266334,0.03086000,2058.00000000,0.03409
1749266334,0.03069000,3258.00000000,0.03409
1749266334,0.03060000,996.00000000,0.03409
1749266334,0.03059000,653.00000000,0.03409
1749266334,0.03055000,654.00000000,0.03409
1749266334,0.03049000,615.00000000,0.03409
1749266334,0.03043000,184.00000000,0.03409
1749266334,0.03026000,371.00000000,0.03409
1749266643,0.03408000,1809.00000000,0.03408
1749266643,0.03407000,6686.00000000,0.03408
1749266643,0.03406000,2934.00000000,0.03408
1749266643,0.03405000,17052.00000000,0.03408
1749266643,0.03404000,24012.00000000,0.03408
1749266643,0.03403000,61604.00000000,0.03408
1749266643,0.03402000,13604.00000000,0.03408
1749266643,0.03400000,11721.00000000,0.03408
1749266643,0.03399000,11721.00000000,0.03408
1749266643,0.03398000,136134.00000000,0.03408
1749266643,0.03397000,13768.00000000,0.03408
1749266643,0.03396000,38813.00000000,0.03408
1749266643,0.03395000,70068.00000000,0.03408
1749266643,0.03394000,370385.00000000,0.03408
1749266643,0.03393000,36959.00000000,0.03408
1749266643,0.03392000,25492.00000000,0.03408
1749266643,0.03391000,18453.00000000,0.03408
1749266643,0.03390000,26494.00000000,0.03408
1749266643,0.03389000,33237.00000000,0.03408
1749266643,0.03388000,102869.00000000,0.03408
1749266643,0.03387000,19170.00000000,0.03408
1749266643,0.03386000,11704.00000000,0.03408
1749266643,0.03385000,122528.00000000,0.03408
1749266643,0.03384000,11716.00000000,0.03408
1749266643,0.03383000,23965.00000000,0.03408
1749266643,0.03382000,4931.00000000,0.03408
1749266643,0.03381000,5875.00000000,0.03408
1749266643,0.03380000,290055.00000000,0.03408
1749266643,0.03379000,39218.00000000,0.03408
1749266643,0.03378000,35988.00000000,0.03408
1749266643,0.03377000,20051.00000000,0.03408
1749266643,0.03373000,36880.00000000,0.03408
1749266643,0.03371000,16505.00000000,0.03408
1749266643,0.03369000,3555.00000000,0.03408
1749266643,0.03368000,16751.00000000,0.03408
1749266643,0.03366000,15809.00000000,0.03408
1749266643,0.03364000,19692.00000000,0.03408
1749266643,0.03363000,19866.00000000,0.03408
1749266643,0.03362000,31839.00000000,0.03408
1749266643,0.03361000,13240.00000000,0.03408
1749266643,0.03360000,33164.00000000,0.03408
1749266643,0.03357000,6228.00000000,0.03408
1749266643,0.03355000,16393.00000000,0.03408
1749266643,0.03354000,14554.00000000,0.03408
1749266643,0.03353000,58809.00000000,0.03408
1749266643,0.03345000,3581.00000000,0.03408
1749266643,0.03343000,209.00000000,0.03408
1749266643,0.03338000,57.00000000,0.03408
1749266643,0.03333000,209.00000000,0.03408
1749266643,0.03328000,79667.00000000,0.03408
1749266643,0.03323000,209.00000000,0.03408
1749266643,0.03320000,30225.00000000,0.03408
1749266643,0.03317000,3878.00000000,0.03408
1749266643,0.03313000,209.00000000,0.03408
1749266643,0.03309000,71740.00000000,0.03408
1749266643,0.03303000,209.00000000,0.03408
1749266643,0.03300000,1591.00000000,0.03408
1749266643,0.03299000,26682.00000000,0.03408
1749266643,0.03293000,209.00000000,0.03408
1749266643,0.03290000,21064.00000000,0.03408
1749266643,0.03285000,158.00000000,0.03408
1749266643,0.03268000,5656.00000000,0.03408
1749266643,0.03251000,158.00000000,0.03408
1749266643,0.03250000,1500.00000000,0.03408
1749266643,0.03242000,1260.00000000,0.03408
1749266643,0.03229000,508.00000000,0.03408
1749266643,0.03216000,158.00000000,0.03408
1749266643,0.03210000,174.00000000,0.03408
1749266643,0.03200000,354.00000000,0.03408
1749266643,0.03198000,371.00000000,0.03408
1749266643,0.03192000,220.00000000,0.03408
1749266643,0.03185000,1260.00000000,0.03408
1749266643,0.03182000,158.00000000,0.03408
1749266643,0.03180000,1982.00000000,0.03408
1749266643,0.03169000,158.00000000,0.03408
1749266643,0.03167000,18441.00000000,0.03408
1749266643,0.03164000,18441.00000000,0.03408
1749266643,0.03162000,668.00000000,0.03408
1749266643,0.03161000,18441.00000000,0.03408
1749266643,0.03158000,18441.00000000,0.03408
1749266643,0.03155000,18441.00000000,0.03408
1749266643,0.03133000,211.00000000,0.03408
1749266643,0.03131000,774.00000000,0.03408
1749266643,0.03130000,31948.00000000,0.03408
1749266643,0.03128000,903.00000000,0.03408
1749266643,0.03116000,215.00000000,0.03408
1749266643,0.03115000,100000.00000000,0.03408
1749266643,0.03105000,60000.00000000,0.03408
1749266643,0.03103000,15101.00000000,0.03408
1749266643,0.03100000,10200.00000000,0.03408
1749266643,0.03086000,2058.00000000,0.03408
1749266643,0.03069000,3258.00000000,0.03408
1749266643,0.03060000,996.00000000,0.03408
1749266643,0.03059000,653.00000000,0.03408
1749266643,0.03055000,654.00000000,0.03408
1749266643,0.03049000,615.00000000,0.03408
1749266643,0.03043000,184.00000000,0.03408
1749266643,0.03026000,371.00000000,0.03408
1749266643,0.03017000,287.00000000,0.03408
1749266643,0.03012000,500.00000000,0.03408
1749266945,0.03405000,4081.00000000,0.03406
1749266945,0.03404000,4221.00000000,0.03406
1749266945,0.03403000,4082.00000000,0.03406
1749266945,0.03402000,905.00000000,0.03406
1749266945,0.03401000,8907.00000000,0.03406
1749266945,0.03400000,22453.00000000,0.03406
1749266945,0.03399000,24814.00000000,0.03406
1749266945,0.03398000,26562.00000000,0.03406
1749266945,0.03397000,17786.00000000,0.03406
1749266945,0.03396000,52684.00000000,0.03406
1749266945,0.03395000,18402.00000000,0.03406
1749266945,0.03394000,464833.00000000,0.03406
1749266945,0.03393000,23372.00000000,0.03406
1749266945,0.03392000,51585.00000000,0.03406
1749266945,0.03391000,11730.00000000,0.03406
1749266945,0.03390000,152830.00000000,0.03406
1749266945,0.03389000,30012.00000000,0.03406
1749266945,0.03388000,26939.00000000,0.03406
1749266945,0.03387000,11700.00000000,0.03406
1749266945,0.03386000,11700.00000000,0.03406
1749266945,0.03385000,11712.00000000,0.03406
1749266945,0.03384000,24455.00000000,0.03406
1749266945,0.03383000,35677.00000000,0.03406
1749266945,0.03382000,23325.00000000,0.03406
1749266945,0.03381000,289969.00000000,0.03406
1749266945,0.03380000,125653.00000000,0.03406
1749266945,0.03379000,39218.00000000,0.03406
1749266945,0.03378000,35988.00000000,0.03406
1749266945,0.03377000,36758.00000000,0.03406
1749266945,0.03376000,21594.00000000,0.03406
1749266945,0.03374000,4943.00000000,0.03406
1749266945,0.03373000,36598.00000000,0.03406
1749266945,0.03372000,31644.00000000,0.03406
1749266945,0.03368000,4930.00000000,0.03406
1749266945,0.03365000,1176.00000000,0.03406
1749266945,0.03364000,35884.00000000,0.03406
1749266945,0.03363000,19866.00000000,0.03406
1749266945,0.03361000,8003.00000000,0.03406
1749266945,0.03360000,20256.00000000,0.03406
1749266945,0.03357000,6228.00000000,0.03406
1749266945,0.03355000,158.00000000,0.03406
1749266945,0.03354000,14554.00000000,0.03406
1749266945,0.03353000,58809.00000000,0.03406
1749266945,0.03343000,209.00000000,0.03406
1749266945,0.03338000,237.00000000,0.03406
1749266945,0.03333000,209.00000000,0.03406
1749266945,0.03323000,209.00000000,0.03406
1749266945,0.03320000,30225.00000000,0.03406
1749266945,0.03317000,3878.00000000,0.03406
1749266945,0.03313000,209.00000000,0.03406
1749266945,0.03303000,209.00000000,0.03406
1749266945,0.03300000,1591.00000000,0.03406
1749266945,0.03299000,26682.00000000,0.03406
1749266945,0.03293000,209.00000000,0.03406
1749266945,0.03290000,21064.00000000,0.03406
1749266945,0.03285000,158.00000000,0.03406
1749266945,0.03270000,245.00000000,0.03406
1749266945,0.03268000,5656.00000000,0.03406
1749266945,0.03251000,158.00000000,0.03406
1749266945,0.03250000,1500.00000000,0.03406
1749266945,0.03242000,1260.00000000,0.03406
1749266945,0.03229000,508.00000000,0.03406
1749266945,0.03216000,158.00000000,0.03406
1749266945,0.03210000,174.00000000,0.03406
1749266945,0.03202000,312.00000000,0.03406
1749266945,0.03200000,354.00000000,0.03406
1749266945,0.03198000,371.00000000,0.03406
1749266945,0.03192000,220.00000000,0.03406
1749266945,0.03185000,1260.00000000,0.03406
1749266945,0.03182000,158.00000000,0.03406
1749266945,0.03180000,1982.00000000,0.03406
1749266945,0.03169000,158.00000000,0.03406
1749266945,0.03167000,18441.00000000,0.03406
1749266945,0.03164000,18441.00000000,0.03406
1749266945,0.03162000,668.00000000,0.03406
1749266945,0.03161000,18441.00000000,0.03406
1749266945,0.03158000,18441.00000000,0.03406
1749266945,0.03155000,18441.00000000,0.03406
1749266945,0.03133000,211.00000000,0.03406
1749266945,0.03131000,774.00000000,0.03406
1749266945,0.03130000,31948.00000000,0.03406
1749266945,0.03128000,903.00000000,0.03406
1749266945,0.03116000,215.00000000,0.03406
1749266945,0.03115000,100000.00000000,0.03406
1749266945,0.03105000,60000.00000000,0.03406
1749266945,0.03103000,15101.00000000,0.03406
1749266945,0.03100000,10200.00000000,0.03406
1749266945,0.03086000,2058.00000000,0.03406
1749266945,0.03069000,3258.00000000,0.03406
1749266945,0.03060000,996.00000000,0.03406
1749266945,0.03059000,653.00000000,0.03406
1749266945,0.03055000,654.00000000,0.03406
1749266945,0.03049000,615.00000000,0.03406
1749266945,0.03043000,184.00000000,0.03406
1749266945,0.03026000,371.00000000,0.03406
1749266945,0.03017000,287.00000000,0.03406
1749266945,0.03012000,500.00000000,0.03406
1749266945,0.03010000,5332.00000000,0.03406
1749266945,0.03004000,1204.00000000,0.03406
1749266945,0.03000000,14258.00000000,0.03406
1749267246,0.03398000,5155.00000000,0.03405
1749267246,0.03397000,2189.00000000,0.03405
1749267246,0.03396000,3062.00000000,0.03405
1749267246,0.03395000,28748.00000000,0.03405
1749267246,0.03394000,274921.00000000,0.03405
1749267246,0.03393000,17076.00000000,0.03405
1749267246,0.03392000,15750.00000000,0.03405
1749267246,0.03391000,11730.00000000,0.03405
1749267246,0.03390000,32071.00000000,0.03405
1749267246,0.03389000,75636.00000000,0.03405
1749267246,0.03388000,145258.00000000,0.03405
1749267246,0.03387000,33149.00000000,0.03405
1749267246,0.03386000,11700.00000000,0.03405
1749267246,0.03385000,36925.00000000,0.03405
1749267246,0.03384000,134245.00000000,0.03405
1749267246,0.03383000,60677.00000000,0.03405
1749267246,0.03382000,18241.00000000,0.03405
1749267246,0.03381000,19753.00000000,0.03405
1749267246,0.03380000,11736.00000000,0.03405
1749267246,0.03379000,36647.00000000,0.03405
1749267246,0.03378000,74232.00000000,0.03405
1749267246,0.03377000,11733.00000000,0.03405
1749267246,0.03376000,5832.00000000,0.03405
1749267246,0.03375000,7452.00000000,0.03405
1749267246,0.03374000,295514.00000000,0.03405
1749267246,0.03373000,16124.00000000,0.03405
1749267246,0.03371000,125955.00000000,0.03405
1749267246,0.03370000,39323.00000000,0.03405
1749267246,0.03368000,16751.00000000,0.03405
1749267246,0.03367000,35915.00000000,0.03405
1749267246,0.03364000,47720.00000000,0.03405
1749267246,0.03363000,51595.00000000,0.03405
1749267246,0.03362000,4960.00000000,0.03405
1749267246,0.03361000,8003.00000000,0.03405
1749267246,0.03360000,19959.00000000,0.03405
1749267246,0.03359000,1377.00000000,0.03405
1749267246,0.03357000,1260.00000000,0.03405
1749267246,0.03356000,1179.00000000,0.03405
1749267246,0.03355000,4026.00000000,0.03405
1749267246,0.03353000,78566.00000000,0.03405
1749267246,0.03349000,4979.00000000,0.03405
1749267246,0.03343000,209.00000000,0.03405
1749267246,0.03342000,14862.00000000,0.03405
1749267246,0.03338000,237.00000000,0.03405
1749267246,0.03333000,209.00000000,0.03405
1749267246,0.03323000,209.00000000,0.03405
1749267246,0.03320000,30225.00000000,0.03405
1749267246,0.03317000,3878.00000000,0.03405
1749267246,0.03313000,209.00000000,0.03405
1749267246,0.03303000,209.00000000,0.03405
1749267246,0.03300000,1591.00000000,0.03405
1749267246,0.03299000,26984.00000000,0.03405
1749267246,0.03293000,209.00000000,0.03405
1749267246,0.03290000,21064.00000000,0.03405
1749267246,0.03285000,158.00000000,0.03405
1749267246,0.03270000,245.00000000,0.03405
1749267246,0.03268000,5656.00000000,0.03405
1749267246,0.03251000,158.00000000,0.03405
1749267246,0.03250000,1500.00000000,0.03405
1749267246,0.03242000,1260.00000000,0.03405
1749267246,0.03229000,508.00000000,0.03405
1749267246,0.03216000,158.00000000,0.03405
1749267246,0.03210000,174.00000000,0.03405
1749267246,0.03202000,312.00000000,0.03405
1749267246,0.03200000,354.00000000,0.03405
1749267246,0.03198000,371.00000000,0.03405
1749267246,0.03192000,220.00000000,0.03405
1749267246,0.03185000,1260.00000000,0.03405
1749267246,0.03182000,158.00000000,0.03405
1749267246,0.03180000,1982.00000000,0.03405
1749267246,0.03169000,158.00000000,0.03405
1749267246,0.03167000,18441.00000000,0.03405
1749267246,0.03164000,18441.00000000,0.03405
1749267246,0.03162000,668.00000000,0.03405
1749267246,0.03161000,18441.00000000,0.03405
1749267246,0.03158000,18441.00000000,0.03405
1749267246,0.03155000,18441.00000000,0.03405
1749267246,0.03133000,211.00000000,0.03405
1749267246,0.03131000,774.00000000,0.03405
1749267246,0.03130000,31948.00000000,0.03405
1749267246,0.03128000,903.00000000,0.03405
1749267246,0.03116000,215.00000000,0.03405
1749267246,0.03115000,100000.00000000,0.03405
1749267246,0.03105000,60000.00000000,0.03405
1749267246,0.03103000,15101.00000000,0.03405
1749267246,0.03100000,10200.00000000,0.03405
1749267246,0.03086000,2058.00000000,0.03405
1749267246,0.03069000,3258.00000000,0.03405
1749267246,0.03060000,996.00000000,0.03405
1749267246,0.03059000,653.00000000,0.03405
1749267246,0.03055000,654.00000000,0.03405
1749267246,0.03049000,615.00000000,0.03405
1749267246,0.03043000,184.00000000,0.03405
1749267246,0.03026000,371.00000000,0.03405
1749267246,0.03017000,287.00000000,0.03405
1749267246,0.03012000,500.00000000,0.03405
1749267246,0.03010000,5332.00000000,0.03405
1749267246,0.03004000,1204.00000000,0.03405
1749267246,0.03000000,14258.00000000,0.03405
1749267246,0.02988000,965.00000000,0.03405
1749267548,0.03387000,12362.00000000,0.03387
1749267548,0.03384000,2209.00000000,0.03387
1749267548,0.03383000,23965.00000000,0.03387
1749267548,0.03381000,37068.00000000,0.03387
1749267548,0.03380000,39160.00000000,0.03387
1749267548,0.03379000,40625.00000000,0.03387
1749267548,0.03378000,62709.00000000,0.03387
1749267548,0.03377000,36752.00000000,0.03387
1749267548,0.03376000,65396.00000000,0.03387
1749267548,0.03375000,143702.00000000,0.03387
