timestamp,price,volume,current_price
1749260726,0.76100000,13689.70000000,0.761
1749260726,0.76000000,40372.80000000,0.761
1749260726,0.75900000,51411.70000000,0.761
1749260726,0.75800000,24036.30000000,0.761
1749260726,0.75700000,11500.30000000,0.761
1749260726,0.75600000,9213.10000000,0.761
1749260726,0.75500000,6875.50000000,0.761
1749260726,0.75400000,6382.70000000,0.761
1749260726,0.75300000,6332.80000000,0.761
1749260726,0.75200000,3080.30000000,0.761
1749260726,0.75100000,6878.70000000,0.761
1749260726,0.75000000,3434.20000000,0.761
1749260726,0.74900000,808.10000000,0.761
1749260726,0.74800000,5693.20000000,0.761
1749260726,0.74700000,1587.60000000,0.761
1749260726,0.74600000,878.40000000,0.761
1749260726,0.74500000,878.40000000,0.761
1749260726,0.74400000,878.40000000,0.761
1749260726,0.74300000,878.40000000,0.761
1749260726,0.74200000,965.00000000,0.761
1749260726,0.74100000,286.60000000,0.761
1749260726,0.74000000,5476.80000000,0.761
1749260726,0.73900000,868.60000000,0.761
1749260726,0.73800000,868.60000000,0.761
1749260726,0.73700000,889.10000000,0.761
1749260726,0.73600000,1932.20000000,0.761
1749260726,0.73500000,899.00000000,0.761
1749260726,0.73400000,877.70000000,0.761
1749260726,0.73300000,1776.60000000,0.761
1749260726,0.73200000,1182.00000000,0.761
1749260726,0.73100000,1031.70000000,0.761
1749260726,0.73000000,925.70000000,0.761
1749260726,0.72900000,963.20000000,0.761
1749260726,0.72800000,28.70000000,0.761
1749260726,0.72700000,901.60000000,0.761
1749260726,0.72600000,13.50000000,0.761
1749260726,0.72500000,1869.60000000,0.761
1749260726,0.72400000,13.50000000,0.761
1749260726,0.72300000,13.50000000,0.761
1749260726,0.72200000,868.50000000,0.761
1749260726,0.72100000,14752.00000000,0.761
1749260726,0.72000000,18522.70000000,0.761
1749260726,0.71900000,21.00000000,0.761
1749260726,0.71800000,165.60000000,0.761
1749260726,0.71700000,107.80000000,0.761
1749260726,0.71600000,334.00000000,0.761
1749260726,0.71500000,1507.80000000,0.761
1749260726,0.71400000,177.50000000,0.761
1749260726,0.71300000,26.10000000,0.761
1749260726,0.71200000,21.40000000,0.761
1749260726,0.71100000,73.90000000,0.761
1749260726,0.71000000,248.90000000,0.761
1749260726,0.70900000,386.50000000,0.761
1749260726,0.70800000,861.20000000,0.761
1749260726,0.70700000,47.60000000,0.761
1749260726,0.70600000,31.00000000,0.761
1749260726,0.70500000,580.70000000,0.761
1749260726,0.70400000,387.50000000,0.761
1749260726,0.70300000,596.80000000,0.761
1749260726,0.70200000,2167.80000000,0.761
1749260726,0.70100000,621.40000000,0.761
1749260726,0.70000000,46429.80000000,0.761
1749260726,0.69900000,3189.30000000,0.761
1749260726,0.69800000,454.50000000,0.761
1749260726,0.69700000,13.50000000,0.761
1749260726,0.69600000,857.50000000,0.761
1749260726,0.69500000,156.90000000,0.761
1749260726,0.69400000,1101.90000000,0.761
1749260726,0.69300000,58.80000000,0.761
1749260726,0.69200000,227.50000000,0.761
1749260726,0.69100000,2246.50000000,0.761
1749260726,0.69000000,7060.30000000,0.761
1749260726,0.68900000,35.10000000,0.761
1749260726,0.68800000,3500.30000000,0.761
1749260726,0.68700000,177.40000000,0.761
1749260726,0.68600000,793.90000000,0.761
1749260726,0.68500000,384.80000000,0.761
1749260726,0.68400000,16473.60000000,0.761
1749260726,0.68300000,14.70000000,0.761
1749260726,0.68200000,141.10000000,0.761
1749260726,0.68100000,121.50000000,0.761
1749260726,0.68000000,2750.20000000,0.761
1749260726,0.67900000,1504.20000000,0.761
1749260726,0.67800000,111.20000000,0.761
1749260726,0.67600000,201.60000000,0.761
1749260726,0.67500000,2565.00000000,0.761
1749260726,0.67400000,806.70000000,0.761
1749260726,0.67300000,191.40000000,0.761
1749260726,0.67200000,166.40000000,0.761
1749260726,0.67000000,1951.80000000,0.761
1749260726,0.66900000,7.50000000,0.761
1749260726,0.66800000,56.50000000,0.761
1749260726,0.66700000,7.60000000,0.761
1749260726,0.66600000,62480.20000000,0.761
1749260726,0.66500000,953.70000000,0.761
1749260726,0.66400000,150.60000000,0.761
1749260726,0.66300000,175.40000000,0.761
1749260726,0.66200000,7.90000000,0.761
1749260726,0.66100000,12726.90000000,0.761
1749260726,0.66000000,118256.50000000,0.761
1749261046,0.76000000,22464.50000000,0.76
1749261046,0.75900000,48780.70000000,0.76
1749261046,0.75800000,24115.60000000,0.76
1749261046,0.75700000,17016.80000000,0.76
1749261046,0.75600000,8588.20000000,0.76
1749261046,0.75500000,13323.40000000,0.76
1749261046,0.75400000,2962.50000000,0.76
1749261046,0.75300000,2969.90000000,0.76
1749261046,0.75200000,1749.10000000,0.76
1749261046,0.75100000,4540.20000000,0.76
1749261046,0.75000000,1490.20000000,0.76
1749261046,0.74900000,6160.60000000,0.76
1749261046,0.74800000,1385.40000000,0.76
1749261046,0.74700000,2148.10000000,0.76
1749261046,0.74600000,2213.40000000,0.76
1749261046,0.74500000,878.40000000,0.76
1749261046,0.74400000,878.40000000,0.76
1749261046,0.74300000,878.40000000,0.76
1749261046,0.74200000,965.00000000,0.76
1749261046,0.74100000,286.60000000,0.76
1749261046,0.74000000,829.60000000,0.76
1749261046,0.73900000,878.50000000,0.76
1749261046,0.73800000,868.60000000,0.76
1749261046,0.73700000,889.10000000,0.76
1749261046,0.73600000,1932.20000000,0.76
1749261046,0.73500000,899.00000000,0.76
1749261046,0.73400000,877.70000000,0.76
1749261046,0.73300000,1024.90000000,0.76
1749261046,0.73200000,1928.50000000,0.76
1749261046,0.73100000,1031.70000000,0.76
1749261046,0.73000000,925.70000000,0.76
1749261046,0.72900000,963.20000000,0.76
1749261046,0.72800000,28.70000000,0.76
1749261046,0.72700000,901.60000000,0.76
1749261046,0.72600000,13.50000000,0.76
1749261046,0.72500000,1869.60000000,0.76
1749261046,0.72400000,13.50000000,0.76
1749261046,0.72300000,13.50000000,0.76
1749261046,0.72200000,868.50000000,0.76
1749261046,0.72100000,14752.00000000,0.76
1749261046,0.72000000,19291.90000000,0.76
1749261046,0.71900000,21.00000000,0.76
1749261046,0.71800000,165.60000000,0.76
1749261046,0.71700000,107.80000000,0.76
1749261046,0.71600000,334.00000000,0.76
1749261046,0.71500000,1507.80000000,0.76
1749261046,0.71400000,177.50000000,0.76
1749261046,0.71300000,26.10000000,0.76
1749261046,0.71200000,21.40000000,0.76
1749261046,0.71100000,73.90000000,0.76
1749261046,0.71000000,248.90000000,0.76
1749261046,0.70900000,386.50000000,0.76
1749261046,0.70800000,861.20000000,0.76
1749261046,0.70700000,47.60000000,0.76
1749261046,0.70600000,31.00000000,0.76
1749261046,0.70500000,1147.10000000,0.76
1749261046,0.70400000,387.50000000,0.76
1749261046,0.70300000,28.80000000,0.76
1749261046,0.70200000,2167.80000000,0.76
1749261046,0.70100000,621.40000000,0.76
1749261046,0.70000000,46429.80000000,0.76
1749261046,0.69900000,3189.30000000,0.76
1749261046,0.69800000,454.50000000,0.76
1749261046,0.69700000,13.50000000,0.76
1749261046,0.69600000,857.50000000,0.76
1749261046,0.69500000,156.90000000,0.76
1749261046,0.69400000,1101.90000000,0.76
1749261046,0.69300000,58.80000000,0.76
1749261046,0.69200000,227.50000000,0.76
1749261046,0.69100000,2246.50000000,0.76
1749261046,0.69000000,6291.10000000,0.76
1749261046,0.68900000,35.10000000,0.76
1749261046,0.68800000,3545.50000000,0.76
1749261046,0.68700000,177.40000000,0.76
1749261046,0.68600000,793.90000000,0.76
1749261046,0.68500000,384.80000000,0.76
1749261046,0.68400000,16441.60000000,0.76
1749261046,0.68300000,14.70000000,0.76
1749261046,0.68200000,141.10000000,0.76
1749261046,0.68100000,121.50000000,0.76
1749261046,0.68000000,2750.20000000,0.76
1749261046,0.67900000,1504.20000000,0.76
1749261046,0.67800000,111.20000000,0.76
1749261046,0.67600000,201.60000000,0.76
1749261046,0.67500000,2565.00000000,0.76
1749261046,0.67400000,806.70000000,0.76
1749261046,0.67300000,191.40000000,0.76
1749261046,0.67200000,166.40000000,0.76
1749261046,0.67000000,1951.80000000,0.76
1749261046,0.66900000,7.50000000,0.76
1749261046,0.66800000,56.50000000,0.76
1749261046,0.66700000,7.60000000,0.76
1749261046,0.66600000,62480.20000000,0.76
1749261046,0.66500000,953.70000000,0.76
1749261046,0.66400000,150.60000000,0.76
1749261046,0.66300000,175.40000000,0.76
1749261046,0.66200000,7.90000000,0.76
1749261046,0.66100000,12726.90000000,0.76
1749261046,0.66000000,118256.50000000,0.76
1749261046,0.65900000,9382.30000000,0.76
1749261351,0.76000000,1830.90000000,0.76
1749261351,0.75900000,36768.70000000,0.76
1749261351,0.75800000,42947.70000000,0.76
1749261351,0.75700000,24906.70000000,0.76
1749261351,0.75600000,8588.80000000,0.76
1749261351,0.75500000,12801.90000000,0.76
1749261351,0.75400000,3563.60000000,0.76
1749261351,0.75300000,3095.20000000,0.76
1749261351,0.75200000,2924.80000000,0.76
1749261351,0.75100000,5215.00000000,0.76
1749261351,0.75000000,1067.40000000,0.76
1749261351,0.74900000,3863.60000000,0.76
1749261351,0.74800000,2554.00000000,0.76
1749261351,0.74700000,2421.10000000,0.76
1749261351,0.74600000,2213.40000000,0.76
1749261351,0.74500000,1574.30000000,0.76
1749261351,0.74400000,878.40000000,0.76
1749261351,0.74300000,878.40000000,0.76
1749261351,0.74200000,965.00000000,0.76
1749261351,0.74100000,286.60000000,0.76
1749261351,0.74000000,829.60000000,0.76
1749261351,0.73900000,878.50000000,0.76
1749261351,0.73800000,878.50000000,0.76
1749261351,0.73700000,889.10000000,0.76
1749261351,0.73600000,1932.20000000,0.76
1749261351,0.73500000,899.00000000,0.76
1749261351,0.73400000,877.70000000,0.76
1749261351,0.73300000,1776.60000000,0.76
1749261351,0.73200000,1182.00000000,0.76
1749261351,0.73100000,1031.70000000,0.76
1749261351,0.73000000,925.70000000,0.76
1749261351,0.72900000,963.20000000,0.76
1749261351,0.72800000,28.70000000,0.76
1749261351,0.72700000,901.60000000,0.76
1749261351,0.72600000,13.50000000,0.76
1749261351,0.72500000,1181.20000000,0.76
1749261351,0.72400000,13.50000000,0.76
1749261351,0.72300000,13.50000000,0.76
1749261351,0.72200000,868.50000000,0.76
1749261351,0.72100000,14752.00000000,0.76
1749261351,0.72000000,19291.90000000,0.76
1749261351,0.71900000,21.00000000,0.76
1749261351,0.71800000,1020.60000000,0.76
1749261351,0.71700000,107.80000000,0.76
1749261351,0.71600000,334.00000000,0.76
1749261351,0.71500000,1507.80000000,0.76
1749261351,0.71400000,177.50000000,0.76
1749261351,0.71300000,26.10000000,0.76
1749261351,0.71200000,21.40000000,0.76
1749261351,0.71100000,73.90000000,0.76
1749261351,0.71000000,248.90000000,0.76
1749261351,0.70900000,386.50000000,0.76
1749261351,0.70800000,861.20000000,0.76
1749261351,0.70700000,47.60000000,0.76
1749261351,0.70600000,31.00000000,0.76
1749261351,0.70500000,580.70000000,0.76
1749261351,0.70400000,387.50000000,0.76
1749261351,0.70300000,28.80000000,0.76
1749261351,0.70200000,2167.80000000,0.76
1749261351,0.70100000,1191.10000000,0.76
1749261351,0.70000000,46429.80000000,0.76
1749261351,0.69900000,3189.30000000,0.76
1749261351,0.69800000,454.50000000,0.76
1749261351,0.69700000,13.50000000,0.76
1749261351,0.69600000,857.50000000,0.76
1749261351,0.69500000,156.90000000,0.76
1749261351,0.69400000,1101.90000000,0.76
1749261351,0.69300000,58.80000000,0.76
1749261351,0.69200000,227.50000000,0.76
1749261351,0.69100000,2246.50000000,0.76
1749261351,0.69000000,6291.10000000,0.76
1749261351,0.68900000,35.10000000,0.76
1749261351,0.68800000,3545.50000000,0.76
1749261351,0.68700000,177.40000000,0.76
1749261351,0.68600000,793.90000000,0.76
1749261351,0.68500000,384.80000000,0.76
1749261351,0.68400000,16441.60000000,0.76
1749261351,0.68300000,14.70000000,0.76
1749261351,0.68200000,141.10000000,0.76
1749261351,0.68100000,121.50000000,0.76
1749261351,0.68000000,2750.20000000,0.76
1749261351,0.67900000,1504.20000000,0.76
1749261351,0.67800000,111.20000000,0.76
1749261351,0.67600000,201.60000000,0.76
1749261351,0.67500000,2565.00000000,0.76
1749261351,0.67400000,806.70000000,0.76
1749261351,0.67300000,191.40000000,0.76
1749261351,0.67200000,166.40000000,0.76
1749261351,0.67000000,1951.80000000,0.76
1749261351,0.66900000,7.50000000,0.76
1749261351,0.66800000,56.50000000,0.76
1749261351,0.66700000,7.60000000,0.76
1749261351,0.66600000,62480.20000000,0.76
1749261351,0.66500000,953.70000000,0.76
1749261351,0.66400000,150.60000000,0.76
1749261351,0.66300000,175.40000000,0.76
1749261351,0.66200000,7.90000000,0.76
1749261351,0.66100000,12726.90000000,0.76
1749261351,0.66000000,118256.50000000,0.76
1749261351,0.65900000,9382.30000000,0.76
1749261652,0.75700000,36281.90000000,0.758
1749261652,0.75600000,46925.90000000,0.758
1749261652,0.75500000,23446.60000000,0.758
1749261652,0.75400000,13143.70000000,0.758
1749261652,0.75300000,5377.10000000,0.758
1749261652,0.75200000,5745.90000000,0.758
1749261652,0.75100000,6572.30000000,0.758
1749261652,0.75000000,2633.10000000,0.758
1749261652,0.74900000,2371.70000000,0.758
1749261652,0.74800000,1862.70000000,0.758
1749261652,0.74700000,3721.80000000,0.758
1749261652,0.74600000,2854.30000000,0.758
1749261652,0.74500000,1574.30000000,0.758
1749261652,0.74400000,878.40000000,0.758
1749261652,0.74300000,1683.30000000,0.758
1749261652,0.74200000,3366.60000000,0.758
1749261652,0.74100000,286.60000000,0.758
1749261652,0.74000000,829.60000000,0.758
1749261652,0.73900000,1553.90000000,0.758
1749261652,0.73800000,878.50000000,0.758
1749261652,0.73700000,899.00000000,0.758
1749261652,0.73600000,1932.20000000,0.758
1749261652,0.73500000,1578.00000000,0.758
1749261652,0.73400000,877.70000000,0.758
1749261652,0.73300000,1024.90000000,0.758
1749261652,0.73200000,1182.00000000,0.758
1749261652,0.73100000,1031.70000000,0.758
1749261652,0.73000000,925.70000000,0.758
1749261652,0.72900000,963.20000000,0.758
1749261652,0.72800000,28.70000000,0.758
1749261652,0.72700000,901.60000000,0.758
1749261652,0.72600000,13.50000000,0.758
1749261652,0.72500000,1181.20000000,0.758
1749261652,0.72400000,13.50000000,0.758
1749261652,0.72300000,13.50000000,0.758
1749261652,0.72200000,868.50000000,0.758
1749261652,0.72100000,14752.00000000,0.758
1749261652,0.72000000,19217.10000000,0.758
1749261652,0.71900000,21.00000000,0.758
1749261652,0.71800000,1020.60000000,0.758
1749261652,0.71700000,107.80000000,0.758
1749261652,0.71600000,1189.00000000,0.758
1749261652,0.71500000,1507.80000000,0.758
1749261652,0.71400000,177.50000000,0.758
1749261652,0.71300000,26.10000000,0.758
1749261652,0.71200000,21.40000000,0.758
1749261652,0.71100000,73.90000000,0.758
1749261652,0.71000000,248.90000000,0.758
1749261652,0.70900000,386.50000000,0.758
1749261652,0.70800000,861.20000000,0.758
1749261652,0.70700000,47.60000000,0.758
1749261652,0.70600000,31.00000000,0.758
1749261652,0.70500000,580.70000000,0.758
1749261652,0.70400000,387.50000000,0.758
1749261652,0.70300000,28.80000000,0.758
1749261652,0.70200000,2167.80000000,0.758
1749261652,0.70100000,621.40000000,0.758
1749261652,0.70000000,47000.30000000,0.758
1749261652,0.69900000,3189.30000000,0.758
1749261652,0.69800000,454.50000000,0.758
1749261652,0.69700000,13.50000000,0.758
1749261652,0.69600000,857.50000000,0.758
1749261652,0.69500000,171.30000000,0.758
1749261652,0.69400000,1101.90000000,0.758
1749261652,0.69300000,44.30000000,0.758
1749261652,0.69200000,227.50000000,0.758
1749261652,0.69100000,2246.50000000,0.758
1749261652,0.69000000,6291.10000000,0.758
1749261652,0.68900000,35.10000000,0.758
1749261652,0.68800000,3513.50000000,0.758
1749261652,0.68700000,190.60000000,0.758
1749261652,0.68600000,807.10000000,0.758
1749261652,0.68500000,398.00000000,0.758
1749261652,0.68400000,16473.60000000,0.758
1749261652,0.68300000,14.70000000,0.758
1749261652,0.68200000,141.10000000,0.758
1749261652,0.68100000,121.50000000,0.758
1749261652,0.68000000,2750.20000000,0.758
1749261652,0.67900000,1504.20000000,0.758
1749261652,0.67800000,111.20000000,0.758
1749261652,0.67600000,201.60000000,0.758
1749261652,0.67500000,2565.00000000,0.758
1749261652,0.67400000,806.70000000,0.758
1749261652,0.67300000,191.40000000,0.758
1749261652,0.67200000,166.40000000,0.758
1749261652,0.67000000,1951.80000000,0.758
1749261652,0.66900000,7.50000000,0.758
1749261652,0.66800000,56.50000000,0.758
1749261652,0.66700000,7.60000000,0.758
1749261652,0.66600000,62480.20000000,0.758
1749261652,0.66500000,953.70000000,0.758
1749261652,0.66400000,150.60000000,0.758
1749261652,0.66300000,175.40000000,0.758
1749261652,0.66200000,7.90000000,0.758
1749261652,0.66100000,12726.90000000,0.758
1749261652,0.66000000,118256.50000000,0.758
1749261652,0.65900000,9382.30000000,0.758
1749261652,0.65800000,2705.50000000,0.758
1749261652,0.65700000,152.20000000,0.758
1749261652,0.65600000,68.20000000,0.758
1749261959,0.75500000,2641.40000000,0.755
1749261959,0.75400000,52850.00000000,0.755
1749261959,0.75300000,42618.20000000,0.755
1749261959,0.75200000,20519.20000000,0.755
1749261959,0.75100000,11211.60000000,0.755
1749261959,0.75000000,5916.20000000,0.755
1749261959,0.74900000,3000.30000000,0.755
1749261959,0.74800000,2540.10000000,0.755
1749261959,0.74700000,2431.00000000,0.755
1749261959,0.74600000,888.40000000,0.755
1749261959,0.74500000,4322.00000000,0.755
1749261959,0.74400000,2861.40000000,0.755
1749261959,0.74300000,1576.10000000,0.755
1749261959,0.74200000,1099.50000000,0.755
1749261959,0.74100000,286.60000000,0.755
1749261959,0.74000000,829.60000000,0.755
1749261959,0.73900000,878.50000000,0.755
1749261959,0.73800000,878.50000000,0.755
1749261959,0.73700000,1034.40000000,0.755
1749261959,0.73600000,1942.20000000,0.755
1749261959,0.73500000,909.00000000,0.755
1749261959,0.73400000,877.70000000,0.755
1749261959,0.73300000,1024.90000000,0.755
1749261959,0.73200000,1182.00000000,0.755
1749261959,0.73100000,1785.50000000,0.755
1749261959,0.73000000,925.70000000,0.755
1749261959,0.72900000,963.20000000,0.755
1749261959,0.72800000,28.70000000,0.755
1749261959,0.72700000,901.60000000,0.755
1749261959,0.72600000,13.50000000,0.755
1749261959,0.72500000,1181.20000000,0.755
1749261959,0.72400000,13.50000000,0.755
1749261959,0.72300000,13.50000000,0.755
1749261959,0.72200000,868.50000000,0.755
1749261959,0.72100000,14752.00000000,0.755
1749261959,0.72000000,19217.10000000,0.755
1749261959,0.71900000,21.00000000,0.755
1749261959,0.71800000,1020.60000000,0.755
1749261959,0.71700000,107.80000000,0.755
1749261959,0.71600000,1189.00000000,0.755
1749261959,0.71500000,2362.80000000,0.755
1749261959,0.71400000,1032.50000000,0.755
1749261959,0.71300000,26.10000000,0.755
1749261959,0.71200000,21.40000000,0.755
1749261959,0.71100000,73.90000000,0.755
1749261959,0.71000000,248.90000000,0.755
1749261959,0.70900000,386.50000000,0.755
1749261959,0.70800000,861.20000000,0.755
1749261959,0.70700000,47.60000000,0.755
1749261959,0.70600000,31.00000000,0.755
1749261959,0.70500000,580.70000000,0.755
1749261959,0.70400000,387.50000000,0.755
1749261959,0.70300000,28.80000000,0.755
1749261959,0.70200000,2167.80000000,0.755
1749261959,0.70100000,621.40000000,0.755
1749261959,0.70000000,46429.80000000,0.755
1749261959,0.69900000,3189.30000000,0.755
1749261959,0.69800000,1026.60000000,0.755
1749261959,0.69700000,13.50000000,0.755
1749261959,0.69600000,857.50000000,0.755
1749261959,0.69500000,171.30000000,0.755
1749261959,0.69400000,1101.90000000,0.755
1749261959,0.69300000,44.30000000,0.755
1749261959,0.69200000,227.50000000,0.755
1749261959,0.69100000,2246.50000000,0.755
1749261959,0.69000000,6291.10000000,0.755
1749261959,0.68900000,35.10000000,0.755
1749261959,0.68800000,3513.50000000,0.755
1749261959,0.68700000,190.60000000,0.755
1749261959,0.68600000,807.10000000,0.755
1749261959,0.68500000,398.00000000,0.755
1749261959,0.68400000,16486.90000000,0.755
1749261959,0.68300000,28.00000000,0.755
1749261959,0.68200000,141.10000000,0.755
1749261959,0.68100000,121.50000000,0.755
1749261959,0.68000000,2750.20000000,0.755
1749261959,0.67900000,1504.20000000,0.755
1749261959,0.67800000,111.20000000,0.755
1749261959,0.67600000,201.60000000,0.755
1749261959,0.67500000,2565.00000000,0.755
1749261959,0.67400000,806.70000000,0.755
1749261959,0.67300000,191.40000000,0.755
1749261959,0.67200000,166.40000000,0.755
1749261959,0.67000000,1951.80000000,0.755
1749261959,0.66900000,7.50000000,0.755
1749261959,0.66800000,56.50000000,0.755
1749261959,0.66700000,7.60000000,0.755
1749261959,0.66600000,62480.20000000,0.755
1749261959,0.66500000,953.70000000,0.755
1749261959,0.66400000,150.60000000,0.755
1749261959,0.66300000,175.40000000,0.755
1749261959,0.66200000,7.90000000,0.755
1749261959,0.66100000,12726.90000000,0.755
1749261959,0.66000000,118256.50000000,0.755
1749261959,0.65900000,9382.30000000,0.755
1749261959,0.65800000,2705.50000000,0.755
1749261959,0.65700000,152.20000000,0.755
1749261959,0.65600000,68.20000000,0.755
1749261959,0.65500000,1142.30000000,0.755
1749261959,0.65400000,55.30000000,0.755
1749262261,0.75700000,2284.30000000,0.757
1749262261,0.75600000,38815.40000000,0.757
1749262261,0.75500000,39892.50000000,0.757
1749262261,0.75400000,23443.00000000,0.757
1749262261,0.75300000,11489.70000000,0.757
1749262261,0.75200000,12444.30000000,0.757
1749262261,0.75100000,7947.40000000,0.757
1749262261,0.75000000,4204.90000000,0.757
1749262261,0.74900000,2987.00000000,0.757
1749262261,0.74800000,3581.70000000,0.757
1749262261,0.74700000,3201.80000000,0.757
1749262261,0.74600000,2917.60000000,0.757
1749262261,0.74500000,3082.20000000,0.757
1749262261,0.74400000,1451.20000000,0.757
1749262261,0.74300000,1576.10000000,0.757
1749262261,0.74200000,2300.00000000,0.757
1749262261,0.74100000,286.60000000,0.757
1749262261,0.74000000,829.60000000,0.757
1749262261,0.73900000,878.50000000,0.757
1749262261,0.73800000,878.50000000,0.757
1749262261,0.73700000,1034.40000000,0.757
1749262261,0.73600000,1942.20000000,0.757
1749262261,0.73500000,909.00000000,0.757
1749262261,0.73400000,887.70000000,0.757
1749262261,0.73300000,1024.90000000,0.757
1749262261,0.73200000,1182.00000000,0.757
1749262261,0.73100000,1031.70000000,0.757
1749262261,0.73000000,925.70000000,0.757
1749262261,0.72900000,1719.00000000,0.757
1749262261,0.72800000,28.70000000,0.757
1749262261,0.72700000,901.60000000,0.757
1749262261,0.72600000,13.50000000,0.757
1749262261,0.72500000,1181.20000000,0.757
1749262261,0.72400000,13.50000000,0.757
1749262261,0.72300000,13.50000000,0.757
1749262261,0.72200000,868.50000000,0.757
1749262261,0.72100000,14752.00000000,0.757
1749262261,0.72000000,19217.10000000,0.757
1749262261,0.71900000,21.00000000,0.757
1749262261,0.71800000,1020.60000000,0.757
1749262261,0.71700000,107.80000000,0.757
1749262261,0.71600000,1189.00000000,0.757
1749262261,0.71500000,2362.80000000,0.757
1749262261,0.71400000,177.50000000,0.757
1749262261,0.71300000,26.10000000,0.757
1749262261,0.71200000,21.40000000,0.757
1749262261,0.71100000,73.90000000,0.757
1749262261,0.71000000,386.90000000,0.757
1749262261,0.70900000,386.50000000,0.757
1749262261,0.70800000,861.20000000,0.757
1749262261,0.70700000,47.60000000,0.757
1749262261,0.70600000,31.00000000,0.757
1749262261,0.70500000,580.70000000,0.757
1749262261,0.70400000,387.50000000,0.757
1749262261,0.70300000,28.80000000,0.757
1749262261,0.70200000,2167.80000000,0.757
1749262261,0.70100000,621.40000000,0.757
1749262261,0.70000000,46429.80000000,0.757
1749262261,0.69900000,3189.30000000,0.757
1749262261,0.69800000,454.50000000,0.757
1749262261,0.69700000,586.40000000,0.757
1749262261,0.69600000,857.50000000,0.757
1749262261,0.69500000,171.30000000,0.757
1749262261,0.69400000,1101.90000000,0.757
1749262261,0.69300000,44.30000000,0.757
1749262261,0.69200000,227.50000000,0.757
1749262261,0.69100000,2246.50000000,0.757
1749262261,0.69000000,6291.10000000,0.757
1749262261,0.68900000,35.10000000,0.757
1749262261,0.68800000,3513.50000000,0.757
1749262261,0.68700000,190.60000000,0.757
1749262261,0.68600000,807.10000000,0.757
1749262261,0.68500000,398.00000000,0.757
1749262261,0.68400000,16441.60000000,0.757
1749262261,0.68300000,14.70000000,0.757
1749262261,0.68200000,141.10000000,0.757
1749262261,0.68100000,121.50000000,0.757
1749262261,0.68000000,2750.20000000,0.757
1749262261,0.67900000,1536.60000000,0.757
1749262261,0.67800000,111.20000000,0.757
1749262261,0.67600000,201.60000000,0.757
1749262261,0.67500000,2565.00000000,0.757
1749262261,0.67400000,806.70000000,0.757
1749262261,0.67300000,191.40000000,0.757
1749262261,0.67200000,166.40000000,0.757
1749262261,0.67000000,1951.80000000,0.757
1749262261,0.66900000,7.50000000,0.757
1749262261,0.66800000,56.50000000,0.757
1749262261,0.66700000,7.60000000,0.757
1749262261,0.66600000,62480.20000000,0.757
1749262261,0.66500000,953.70000000,0.757
1749262261,0.66400000,150.60000000,0.757
1749262261,0.66300000,175.40000000,0.757
1749262261,0.66200000,7.90000000,0.757
1749262261,0.66100000,12726.90000000,0.757
1749262261,0.66000000,118256.50000000,0.757
1749262261,0.65900000,9382.30000000,0.757
1749262261,0.65800000,2705.50000000,0.757
1749262261,0.65700000,152.20000000,0.757
1749262261,0.65600000,68.20000000,0.757
1749262563,0.75700000,1817.60000000,0.757
1749262563,0.75600000,36496.80000000,0.757
1749262563,0.75500000,44965.40000000,0.757
1749262563,0.75400000,26992.20000000,0.757
1749262563,0.75300000,8735.50000000,0.757
1749262563,0.75200000,11856.70000000,0.757
1749262563,0.75100000,7947.40000000,0.757
1749262563,0.75000000,3299.10000000,0.757
1749262563,0.74900000,4517.70000000,0.757
1749262563,0.74800000,3753.70000000,0.757
1749262563,0.74700000,3068.20000000,0.757
1749262563,0.74600000,2215.40000000,0.757
1749262563,0.74500000,3209.20000000,0.757
1749262563,0.74400000,2357.50000000,0.757
1749262563,0.74300000,1576.10000000,0.757
1749262563,0.74200000,965.00000000,0.757
1749262563,0.74100000,286.60000000,0.757
1749262563,0.74000000,829.60000000,0.757
1749262563,0.73900000,878.50000000,0.757
1749262563,0.73800000,878.50000000,0.757
1749262563,0.73700000,899.00000000,0.757
1749262563,0.73600000,1942.20000000,0.757
1749262563,0.73500000,909.00000000,0.757
1749262563,0.73400000,887.70000000,0.757
1749262563,0.73300000,1024.90000000,0.757
1749262563,0.73200000,1182.00000000,0.757
1749262563,0.73100000,1785.50000000,0.757
1749262563,0.73000000,925.70000000,0.757
1749262563,0.72900000,963.20000000,0.757
1749262563,0.72800000,28.70000000,0.757
1749262563,0.72700000,901.60000000,0.757
1749262563,0.72600000,13.50000000,0.757
1749262563,0.72500000,1181.20000000,0.757
1749262563,0.72400000,13.50000000,0.757
1749262563,0.72300000,13.50000000,0.757
1749262563,0.72200000,868.50000000,0.757
1749262563,0.72100000,14752.00000000,0.757
1749262563,0.72000000,19217.10000000,0.757
1749262563,0.71900000,21.00000000,0.757
1749262563,0.71800000,1020.60000000,0.757
1749262563,0.71700000,107.80000000,0.757
1749262563,0.71600000,1189.00000000,0.757
1749262563,0.71500000,2362.80000000,0.757
1749262563,0.71400000,177.50000000,0.757
1749262563,0.71300000,26.10000000,0.757
1749262563,0.71200000,21.40000000,0.757
1749262563,0.71100000,73.90000000,0.757
1749262563,0.71000000,386.90000000,0.757
1749262563,0.70900000,386.50000000,0.757
1749262563,0.70800000,861.20000000,0.757
1749262563,0.70700000,47.60000000,0.757
1749262563,0.70600000,31.00000000,0.757
1749262563,0.70500000,580.70000000,0.757
1749262563,0.70400000,387.50000000,0.757
1749262563,0.70300000,28.80000000,0.757
1749262563,0.70200000,2167.80000000,0.757
1749262563,0.70100000,621.40000000,0.757
1749262563,0.70000000,46429.80000000,0.757
1749262563,0.69900000,3189.30000000,0.757
1749262563,0.69800000,1026.60000000,0.757
1749262563,0.69700000,13.50000000,0.757
1749262563,0.69600000,857.50000000,0.757
1749262563,0.69500000,171.30000000,0.757
1749262563,0.69400000,1101.90000000,0.757
1749262563,0.69300000,44.30000000,0.757
1749262563,0.69200000,227.50000000,0.757
1749262563,0.69100000,2246.50000000,0.757
1749262563,0.69000000,6291.10000000,0.757
1749262563,0.68900000,35.10000000,0.757
1749262563,0.68800000,3513.50000000,0.757
1749262563,0.68700000,190.60000000,0.757
1749262563,0.68600000,807.10000000,0.757
1749262563,0.68500000,398.00000000,0.757
1749262563,0.68400000,16441.60000000,0.757
1749262563,0.68300000,14.70000000,0.757
1749262563,0.68200000,141.10000000,0.757
1749262563,0.68100000,121.50000000,0.757
1749262563,0.68000000,2750.20000000,0.757
1749262563,0.67900000,1536.60000000,0.757
1749262563,0.67800000,111.20000000,0.757
1749262563,0.67600000,201.60000000,0.757
1749262563,0.67500000,2565.00000000,0.757
1749262563,0.67400000,806.70000000,0.757
1749262563,0.67300000,191.40000000,0.757
1749262563,0.67200000,166.40000000,0.757
1749262563,0.67000000,1951.80000000,0.757
1749262563,0.66900000,7.50000000,0.757
1749262563,0.66800000,56.50000000,0.757
1749262563,0.66700000,7.60000000,0.757
1749262563,0.66600000,62480.20000000,0.757
1749262563,0.66500000,953.70000000,0.757
1749262563,0.66400000,150.60000000,0.757
1749262563,0.66300000,175.40000000,0.757
1749262563,0.66200000,7.90000000,0.757
1749262563,0.66100000,12726.90000000,0.757
1749262563,0.66000000,118256.50000000,0.757
1749262563,0.65900000,9382.30000000,0.757
1749262563,0.65800000,2705.50000000,0.757
1749262563,0.65700000,152.20000000,0.757
1749262563,0.65600000,68.20000000,0.757
1749262872,0.75700000,15134.90000000,0.757
1749262872,0.75600000,53762.80000000,0.757
1749262872,0.75500000,36949.90000000,0.757
1749262872,0.75400000,11258.70000000,0.757
1749262872,0.75300000,13050.80000000,0.757
1749262872,0.75200000,12817.20000000,0.757
1749262872,0.75100000,6561.80000000,0.757
1749262872,0.75000000,3299.10000000,0.757
1749262872,0.74900000,4384.50000000,0.757
1749262872,0.74800000,3753.70000000,0.757
1749262872,0.74700000,3068.20000000,0.757
1749262872,0.74600000,2215.40000000,0.757
1749262872,0.74500000,3905.10000000,0.757
1749262872,0.74400000,2223.40000000,0.757
1749262872,0.74300000,878.40000000,0.757
1749262872,0.74200000,965.00000000,0.757
1749262872,0.74100000,286.60000000,0.757
1749262872,0.74000000,2180.90000000,0.757
1749262872,0.73900000,878.50000000,0.757
1749262872,0.73800000,878.50000000,0.757
1749262872,0.73700000,899.00000000,0.757
1749262872,0.73600000,1942.20000000,0.757
1749262872,0.73500000,909.00000000,0.757
1749262872,0.73400000,887.70000000,0.757
1749262872,0.73300000,1024.90000000,0.757
1749262872,0.73200000,1182.00000000,0.757
1749262872,0.73100000,1785.50000000,0.757
1749262872,0.73000000,925.70000000,0.757
1749262872,0.72900000,963.20000000,0.757
1749262872,0.72800000,28.70000000,0.757
1749262872,0.72700000,901.60000000,0.757
1749262872,0.72600000,13.50000000,0.757
1749262872,0.72500000,1181.20000000,0.757
1749262872,0.72400000,13.50000000,0.757
1749262872,0.72300000,13.50000000,0.757
1749262872,0.72200000,868.50000000,0.757
1749262872,0.72100000,14752.00000000,0.757
1749262872,0.72000000,19217.10000000,0.757
1749262872,0.71900000,21.00000000,0.757
1749262872,0.71800000,1020.60000000,0.757
1749262872,0.71700000,107.80000000,0.757
1749262872,0.71600000,1189.00000000,0.757
1749262872,0.71500000,2362.80000000,0.757
1749262872,0.71400000,177.50000000,0.757
1749262872,0.71300000,26.10000000,0.757
1749262872,0.71200000,21.40000000,0.757
1749262872,0.71100000,73.90000000,0.757
1749262872,0.71000000,386.90000000,0.757
1749262872,0.70900000,386.50000000,0.757
1749262872,0.70800000,861.20000000,0.757
1749262872,0.70700000,47.60000000,0.757
1749262872,0.70600000,31.00000000,0.757
1749262872,0.70500000,580.70000000,0.757
1749262872,0.70400000,387.50000000,0.757
1749262872,0.70300000,28.80000000,0.757
1749262872,0.70200000,2167.80000000,0.757
1749262872,0.70100000,621.40000000,0.757
1749262872,0.70000000,46429.80000000,0.757
1749262872,0.69900000,3760.60000000,0.757
1749262872,0.69800000,454.50000000,0.757
1749262872,0.69700000,13.50000000,0.757
1749262872,0.69600000,857.50000000,0.757
1749262872,0.69500000,171.30000000,0.757
1749262872,0.69400000,1101.90000000,0.757
1749262872,0.69300000,44.30000000,0.757
1749262872,0.69200000,227.50000000,0.757
1749262872,0.69100000,2246.50000000,0.757
1749262872,0.69000000,6291.10000000,0.757
1749262872,0.68900000,35.10000000,0.757
1749262872,0.68800000,3513.50000000,0.757
1749262872,0.68700000,190.60000000,0.757
1749262872,0.68600000,807.10000000,0.757
1749262872,0.68500000,398.00000000,0.757
1749262872,0.68400000,16441.60000000,0.757
1749262872,0.68300000,14.70000000,0.757
1749262872,0.68200000,141.10000000,0.757
1749262872,0.68100000,153.50000000,0.757
1749262872,0.68000000,2750.20000000,0.757
1749262872,0.67900000,1504.20000000,0.757
1749262872,0.67800000,111.20000000,0.757
1749262872,0.67600000,201.60000000,0.757
1749262872,0.67500000,2565.00000000,0.757
1749262872,0.67400000,806.70000000,0.757
1749262872,0.67300000,191.40000000,0.757
1749262872,0.67200000,166.40000000,0.757
1749262872,0.67000000,1951.80000000,0.757
1749262872,0.66900000,7.50000000,0.757
1749262872,0.66800000,56.50000000,0.757
1749262872,0.66700000,7.60000000,0.757
1749262872,0.66600000,62480.20000000,0.757
1749262872,0.66500000,953.70000000,0.757
1749262872,0.66400000,150.60000000,0.757
1749262872,0.66300000,175.40000000,0.757
1749262872,0.66200000,7.90000000,0.757
1749262872,0.66100000,12726.90000000,0.757
1749262872,0.66000000,118256.50000000,0.757
1749262872,0.65900000,9382.30000000,0.757
1749262872,0.65800000,2705.50000000,0.757
1749262872,0.65700000,152.20000000,0.757
1749262872,0.65600000,68.20000000,0.757
1749263173,0.75900000,10777.40000000,0.759
1749263173,0.75800000,52255.90000000,0.759
1749263173,0.75700000,40230.00000000,0.759
1749263173,0.75600000,11312.30000000,0.759
1749263173,0.75500000,14680.70000000,0.759
1749263173,0.75400000,11538.30000000,0.759
1749263173,0.75300000,8097.70000000,0.759
1749263173,0.75200000,7909.90000000,0.759
1749263173,0.75100000,6561.80000000,0.759
1749263173,0.75000000,3545.00000000,0.759
1749263173,0.74900000,5907.90000000,0.759
1749263173,0.74800000,3380.90000000,0.759
1749263173,0.74700000,903.50000000,0.759
1749263173,0.74600000,2215.40000000,0.759
1749263173,0.74500000,3905.10000000,0.759
1749263173,0.74400000,2223.40000000,0.759
1749263173,0.74300000,878.40000000,0.759
1749263173,0.74200000,965.00000000,0.759
1749263173,0.74100000,286.60000000,0.759
1749263173,0.74000000,2180.90000000,0.759
1749263173,0.73900000,878.50000000,0.759
1749263173,0.73800000,878.50000000,0.759
1749263173,0.73700000,899.00000000,0.759
1749263173,0.73600000,1942.20000000,0.759
1749263173,0.73500000,909.00000000,0.759
1749263173,0.73400000,887.70000000,0.759
1749263173,0.73300000,1024.90000000,0.759
1749263173,0.73200000,1182.00000000,0.759
1749263173,0.73100000,1031.70000000,0.759
1749263173,0.73000000,925.70000000,0.759
1749263173,0.72900000,963.20000000,0.759
1749263173,0.72800000,28.70000000,0.759
1749263173,0.72700000,901.60000000,0.759
1749263173,0.72600000,13.50000000,0.759
1749263173,0.72500000,1181.20000000,0.759
1749263173,0.72400000,13.50000000,0.759
1749263173,0.72300000,13.50000000,0.759
1749263173,0.72200000,868.50000000,0.759
1749263173,0.72100000,14752.00000000,0.759
1749263173,0.72000000,19217.10000000,0.759
1749263173,0.71900000,21.00000000,0.759
1749263173,0.71800000,1020.60000000,0.759
1749263173,0.71700000,107.80000000,0.759
1749263173,0.71600000,1189.00000000,0.759
1749263173,0.71500000,2362.80000000,0.759
1749263173,0.71400000,177.50000000,0.759
1749263173,0.71300000,26.10000000,0.759
1749263173,0.71200000,21.40000000,0.759
1749263173,0.71100000,73.90000000,0.759
1749263173,0.71000000,386.90000000,0.759
1749263173,0.70900000,386.50000000,0.759
1749263173,0.70800000,155.00000000,0.759
1749263173,0.70700000,47.60000000,0.759
1749263173,0.70600000,31.00000000,0.759
1749263173,0.70500000,580.70000000,0.759
1749263173,0.70400000,387.50000000,0.759
1749263173,0.70300000,28.80000000,0.759
1749263173,0.70200000,2167.80000000,0.759
1749263173,0.70100000,1191.10000000,0.759
1749263173,0.70000000,46429.80000000,0.759
1749263173,0.69900000,3189.30000000,0.759
1749263173,0.69800000,454.50000000,0.759
1749263173,0.69700000,13.50000000,0.759
1749263173,0.69600000,857.50000000,0.759
1749263173,0.69500000,171.30000000,0.759
1749263173,0.69400000,1101.90000000,0.759
1749263173,0.69300000,44.30000000,0.759
1749263173,0.69200000,227.50000000,0.759
1749263173,0.69100000,2246.50000000,0.759
1749263173,0.69000000,6291.10000000,0.759
1749263173,0.68900000,35.10000000,0.759
1749263173,0.68800000,3513.50000000,0.759
1749263173,0.68700000,190.60000000,0.759
1749263173,0.68600000,793.90000000,0.759
1749263173,0.68500000,384.80000000,0.759
1749263173,0.68400000,16441.60000000,0.759
1749263173,0.68300000,14.70000000,0.759
1749263173,0.68200000,141.10000000,0.759
1749263173,0.68100000,153.50000000,0.759
1749263173,0.68000000,2750.20000000,0.759
1749263173,0.67900000,1504.20000000,0.759
1749263173,0.67800000,111.20000000,0.759
1749263173,0.67600000,201.60000000,0.759
1749263173,0.67500000,2565.00000000,0.759
1749263173,0.67400000,806.70000000,0.759
1749263173,0.67300000,191.40000000,0.759
1749263173,0.67200000,166.40000000,0.759
1749263173,0.67000000,1951.80000000,0.759
1749263173,0.66900000,7.50000000,0.759
1749263173,0.66800000,56.50000000,0.759
1749263173,0.66700000,7.60000000,0.759
1749263173,0.66600000,62480.20000000,0.759
1749263173,0.66500000,953.70000000,0.759
1749263173,0.66400000,150.60000000,0.759
1749263173,0.66300000,175.40000000,0.759
1749263173,0.66200000,7.90000000,0.759
1749263173,0.66100000,12726.90000000,0.759
1749263173,0.66000000,118256.50000000,0.759
1749263173,0.65900000,9382.30000000,0.759
1749263173,0.65800000,2705.50000000,0.759
1749263480,0.75800000,2407.90000000,0.758
1749263480,0.75700000,57380.60000000,0.758
1749263480,0.75600000,31573.90000000,0.758
1749263480,0.75500000,17439.10000000,0.758
1749263480,0.75400000,15288.40000000,0.758
1749263480,0.75300000,10905.00000000,0.758
1749263480,0.75200000,7380.00000000,0.758
1749263480,0.75100000,8281.20000000,0.758
1749263480,0.75000000,3080.40000000,0.758
1749263480,0.74900000,2861.10000000,0.758
1749263480,0.74800000,2715.10000000,0.758
1749263480,0.74700000,3756.30000000,0.758
1749263480,0.74600000,2223.40000000,0.758
1749263480,0.74500000,3905.10000000,0.758
1749263480,0.74400000,888.40000000,0.758
1749263480,0.74300000,878.40000000,0.758
1749263480,0.74200000,965.00000000,0.758
1749263480,0.74100000,286.60000000,0.758
1749263480,0.74000000,2180.90000000,0.758
1749263480,0.73900000,878.50000000,0.758
1749263480,0.73800000,878.50000000,0.758
1749263480,0.73700000,899.00000000,0.758
1749263480,0.73600000,1942.20000000,0.758
1749263480,0.73500000,909.00000000,0.758
1749263480,0.73400000,887.70000000,0.758
1749263480,0.73300000,1024.90000000,0.758
1749263480,0.73200000,1934.70000000,0.758
1749263480,0.73100000,1031.70000000,0.758
1749263480,0.73000000,925.70000000,0.758
1749263480,0.72900000,963.20000000,0.758
1749263480,0.72800000,28.70000000,0.758
1749263480,0.72700000,901.60000000,0.758
1749263480,0.72600000,13.50000000,0.758
1749263480,0.72500000,1181.20000000,0.758
1749263480,0.72400000,13.50000000,0.758
1749263480,0.72300000,13.50000000,0.758
1749263480,0.72200000,868.50000000,0.758
1749263480,0.72100000,14752.00000000,0.758
1749263480,0.72000000,19217.10000000,0.758
1749263480,0.71900000,21.00000000,0.758
1749263480,0.71800000,1020.60000000,0.758
1749263480,0.71700000,107.80000000,0.758
1749263480,0.71600000,1189.00000000,0.758
1749263480,0.71500000,2362.80000000,0.758
1749263480,0.71400000,177.50000000,0.758
1749263480,0.71300000,26.10000000,0.758
1749263480,0.71200000,21.40000000,0.758
1749263480,0.71100000,73.90000000,0.758
1749263480,0.71000000,386.90000000,0.758
1749263480,0.70900000,386.50000000,0.758
1749263480,0.70800000,155.00000000,0.758
1749263480,0.70700000,47.60000000,0.758
1749263480,0.70600000,31.00000000,0.758
1749263480,0.70500000,580.70000000,0.758
1749263480,0.70400000,387.50000000,0.758
1749263480,0.70300000,28.80000000,0.758
1749263480,0.70200000,2167.80000000,0.758
1749263480,0.70100000,1191.10000000,0.758
1749263480,0.70000000,46429.80000000,0.758
1749263480,0.69900000,3189.30000000,0.758
1749263480,0.69800000,454.50000000,0.758
1749263480,0.69700000,13.50000000,0.758
1749263480,0.69600000,857.50000000,0.758
1749263480,0.69500000,171.30000000,0.758
1749263480,0.69400000,1101.90000000,0.758
1749263480,0.69300000,44.30000000,0.758
1749263480,0.69200000,227.50000000,0.758
1749263480,0.69100000,2246.50000000,0.758
1749263480,0.69000000,6291.10000000,0.758
1749263480,0.68900000,35.10000000,0.758
1749263480,0.68800000,3513.50000000,0.758
1749263480,0.68700000,190.60000000,0.758
1749263480,0.68600000,807.10000000,0.758
1749263480,0.68500000,384.80000000,0.758
1749263480,0.68400000,16473.60000000,0.758
1749263480,0.68300000,14.70000000,0.758
1749263480,0.68200000,141.10000000,0.758
1749263480,0.68100000,121.50000000,0.758
1749263480,0.68000000,2750.20000000,0.758
1749263480,0.67900000,1504.20000000,0.758
1749263480,0.67800000,111.20000000,0.758
1749263480,0.67600000,201.60000000,0.758
1749263480,0.67500000,2565.00000000,0.758
1749263480,0.67400000,806.70000000,0.758
1749263480,0.67300000,191.40000000,0.758
1749263480,0.67200000,166.40000000,0.758
1749263480,0.67000000,1951.80000000,0.758
1749263480,0.66900000,7.50000000,0.758
1749263480,0.66800000,56.50000000,0.758
1749263480,0.66700000,7.60000000,0.758
1749263480,0.66600000,62480.20000000,0.758
1749263480,0.66500000,953.70000000,0.758
1749263480,0.66400000,150.60000000,0.758
1749263480,0.66300000,175.40000000,0.758
1749263480,0.66200000,7.90000000,0.758
1749263480,0.66100000,12726.90000000,0.758
1749263480,0.66000000,118256.50000000,0.758
1749263480,0.65900000,9382.30000000,0.758
1749263480,0.65800000,2705.50000000,0.758
1749263480,0.65700000,152.20000000,0.758
1749263786,0.76200000,1691.60000000,0.762
1749263786,0.76100000,25575.90000000,0.762
1749263786,0.76000000,49194.50000000,0.762
1749263786,0.75900000,33993.90000000,0.762
1749263786,0.75800000,9392.60000000,0.762
1749263786,0.75700000,11284.40000000,0.762
1749263786,0.75600000,8688.30000000,0.762
1749263786,0.75500000,7495.20000000,0.762
1749263786,0.75400000,6167.20000000,0.762
1749263786,0.75300000,7972.30000000,0.762
1749263786,0.75200000,4086.50000000,0.762
1749263786,0.75100000,8081.20000000,0.762
1749263786,0.75000000,3734.40000000,0.762
1749263786,0.74900000,2371.70000000,0.762
1749263786,0.74800000,1501.70000000,0.762
1749263786,0.74700000,1597.50000000,0.762
1749263786,0.74600000,2223.40000000,0.762
1749263786,0.74500000,2547.00000000,0.762
1749263786,0.74400000,888.40000000,0.762
1749263786,0.74300000,878.40000000,0.762
1749263786,0.74200000,965.00000000,0.762
1749263786,0.74100000,286.60000000,0.762
1749263786,0.74000000,2180.90000000,0.762
1749263786,0.73900000,878.50000000,0.762
1749263786,0.73800000,878.50000000,0.762
1749263786,0.73700000,899.00000000,0.762
1749263786,0.73600000,1942.20000000,0.762
1749263786,0.73500000,909.00000000,0.762
1749263786,0.73400000,887.70000000,0.762
1749263786,0.73300000,1776.60000000,0.762
1749263786,0.73200000,1182.00000000,0.762
1749263786,0.73100000,868.50000000,0.762
1749263786,0.73000000,925.70000000,0.762
1749263786,0.72900000,963.20000000,0.762
1749263786,0.72800000,28.70000000,0.762
1749263786,0.72700000,901.60000000,0.762
1749263786,0.72600000,13.50000000,0.762
1749263786,0.72500000,1181.20000000,0.762
1749263786,0.72400000,13.50000000,0.762
1749263786,0.72300000,48.50000000,0.762
1749263786,0.72200000,868.50000000,0.762
1749263786,0.72100000,14752.00000000,0.762
1749263786,0.72000000,19217.10000000,0.762
1749263786,0.71900000,21.00000000,0.762
1749263786,0.71800000,1020.60000000,0.762
1749263786,0.71700000,107.80000000,0.762
1749263786,0.71600000,334.00000000,0.762
1749263786,0.71500000,1507.80000000,0.762
1749263786,0.71400000,177.50000000,0.762
1749263786,0.71300000,26.10000000,0.762
1749263786,0.71200000,21.40000000,0.762
1749263786,0.71100000,73.90000000,0.762
1749263786,0.71000000,386.90000000,0.762
1749263786,0.70900000,386.50000000,0.762
1749263786,0.70800000,155.00000000,0.762
1749263786,0.70700000,47.60000000,0.762
1749263786,0.70600000,31.00000000,0.762
1749263786,0.70500000,580.70000000,0.762
1749263786,0.70400000,387.50000000,0.762
1749263786,0.70300000,28.80000000,0.762
1749263786,0.70200000,2167.80000000,0.762
1749263786,0.70100000,621.40000000,0.762
1749263786,0.70000000,46429.80000000,0.762
1749263786,0.69900000,3189.30000000,0.762
1749263786,0.69800000,454.50000000,0.762
1749263786,0.69700000,13.50000000,0.762
1749263786,0.69600000,871.90000000,0.762
1749263786,0.69500000,156.90000000,0.762
1749263786,0.69400000,1101.90000000,0.762
1749263786,0.69300000,44.30000000,0.762
1749263786,0.69200000,227.50000000,0.762
1749263786,0.69100000,2246.50000000,0.762
1749263786,0.69000000,6291.10000000,0.762
1749263786,0.68900000,21.90000000,0.762
1749263786,0.68800000,3500.30000000,0.762
1749263786,0.68700000,177.40000000,0.762
1749263786,0.68600000,793.90000000,0.762
1749263786,0.68500000,384.80000000,0.762
1749263786,0.68400000,16473.60000000,0.762
1749263786,0.68300000,14.70000000,0.762
1749263786,0.68200000,141.10000000,0.762
1749263786,0.68100000,121.50000000,0.762
1749263786,0.68000000,2750.20000000,0.762
1749263786,0.67900000,1504.20000000,0.762
1749263786,0.67800000,111.20000000,0.762
1749263786,0.67600000,201.60000000,0.762
1749263786,0.67500000,2565.00000000,0.762
1749263786,0.67400000,806.70000000,0.762
1749263786,0.67300000,191.40000000,0.762
1749263786,0.67200000,166.40000000,0.762
1749263786,0.67000000,1951.80000000,0.762
1749263786,0.66900000,7.50000000,0.762
1749263786,0.66800000,56.50000000,0.762
1749263786,0.66700000,7.60000000,0.762
1749263786,0.66600000,62480.20000000,0.762
1749263786,0.66500000,953.70000000,0.762
1749263786,0.66400000,150.60000000,0.762
1749263786,0.66300000,175.40000000,0.762
1749263786,0.66200000,7.90000000,0.762
1749263786,0.66100000,12726.90000000,0.762
1749264088,0.76100000,16884.80000000,0.762
1749264088,0.76000000,61503.30000000,0.762
1749264088,0.75900000,37715.60000000,0.762
1749264088,0.75800000,14609.40000000,0.762
1749264088,0.75700000,7161.20000000,0.762
1749264088,0.75600000,8787.00000000,0.762
1749264088,0.75500000,5902.00000000,0.762
1749264088,0.75400000,3064.20000000,0.762
1749264088,0.75300000,4422.10000000,0.762
1749264088,0.75200000,2421.30000000,0.762
1749264088,0.75100000,7377.80000000,0.762
1749264088,0.75000000,896.10000000,0.762
1749264088,0.74900000,1540.50000000,0.762
1749264088,0.74800000,2703.30000000,0.762
1749264088,0.74700000,903.50000000,0.762
1749264088,0.74600000,888.40000000,0.762
1749264088,0.74500000,2547.00000000,0.762
1749264088,0.74400000,888.40000000,0.762
1749264088,0.74300000,878.40000000,0.762
1749264088,0.74200000,965.00000000,0.762
1749264088,0.74100000,286.60000000,0.762
1749264088,0.74000000,2180.90000000,0.762
1749264088,0.73900000,878.50000000,0.762
1749264088,0.73800000,878.50000000,0.762
1749264088,0.73700000,899.00000000,0.762
1749264088,0.73600000,2684.70000000,0.762
1749264088,0.73500000,909.00000000,0.762
1749264088,0.73400000,887.70000000,0.762
1749264088,0.73300000,1024.90000000,0.762
1749264088,0.73200000,1182.00000000,0.762
1749264088,0.73100000,868.50000000,0.762
1749264088,0.73000000,925.70000000,0.762
1749264088,0.72900000,963.20000000,0.762
1749264088,0.72800000,28.70000000,0.762
1749264088,0.72700000,901.60000000,0.762
1749264088,0.72600000,13.50000000,0.762
1749264088,0.72500000,1181.20000000,0.762
1749264088,0.72400000,13.50000000,0.762
1749264088,0.72300000,48.50000000,0.762
1749264088,0.72200000,868.50000000,0.762
1749264088,0.72100000,14752.00000000,0.762
1749264088,0.72000000,18362.10000000,0.762
1749264088,0.71900000,21.00000000,0.762
1749264088,0.71800000,165.60000000,0.762
1749264088,0.71700000,107.80000000,0.762
1749264088,0.71600000,334.00000000,0.762
1749264088,0.71500000,1507.80000000,0.762
1749264088,0.71400000,177.50000000,0.762
1749264088,0.71300000,26.10000000,0.762
1749264088,0.71200000,21.40000000,0.762
1749264088,0.71100000,73.90000000,0.762
1749264088,0.71000000,386.90000000,0.762
1749264088,0.70900000,386.50000000,0.762
1749264088,0.70800000,155.00000000,0.762
1749264088,0.70700000,47.60000000,0.762
1749264088,0.70600000,31.00000000,0.762
1749264088,0.70500000,1147.10000000,0.762
1749264088,0.70400000,387.50000000,0.762
1749264088,0.70300000,28.80000000,0.762
1749264088,0.70200000,2167.80000000,0.762
1749264088,0.70100000,621.40000000,0.762
1749264088,0.70000000,46429.80000000,0.762
1749264088,0.69900000,3189.30000000,0.762
1749264088,0.69800000,454.50000000,0.762
1749264088,0.69700000,13.50000000,0.762
1749264088,0.69600000,871.90000000,0.762
1749264088,0.69500000,156.90000000,0.762
1749264088,0.69400000,1101.90000000,0.762
1749264088,0.69300000,44.30000000,0.762
1749264088,0.69200000,227.50000000,0.762
1749264088,0.69100000,2246.50000000,0.762
1749264088,0.69000000,6291.10000000,0.762
1749264088,0.68900000,35.10000000,0.762
1749264088,0.68800000,3500.30000000,0.762
1749264088,0.68700000,209.40000000,0.762
1749264088,0.68600000,793.90000000,0.762
1749264088,0.68500000,384.80000000,0.762
1749264088,0.68400000,16441.60000000,0.762
1749264088,0.68300000,14.70000000,0.762
1749264088,0.68200000,141.10000000,0.762
1749264088,0.68100000,121.50000000,0.762
1749264088,0.68000000,2750.20000000,0.762
1749264088,0.67900000,1504.20000000,0.762
1749264088,0.67800000,111.20000000,0.762
1749264088,0.67600000,201.60000000,0.762
1749264088,0.67500000,2565.00000000,0.762
1749264088,0.67400000,806.70000000,0.762
1749264088,0.67300000,191.40000000,0.762
1749264088,0.67200000,166.40000000,0.762
1749264088,0.67000000,1951.80000000,0.762
1749264088,0.66900000,7.50000000,0.762
1749264088,0.66800000,56.50000000,0.762
1749264088,0.66700000,7.60000000,0.762
1749264088,0.66600000,62480.20000000,0.762
1749264088,0.66500000,953.70000000,0.762
1749264088,0.66400000,150.60000000,0.762
1749264088,0.66300000,175.40000000,0.762
1749264088,0.66200000,7.90000000,0.762
1749264088,0.66100000,12726.90000000,0.762
1749264088,0.66000000,118256.50000000,0.762
1749264389,0.76200000,22903.10000000,0.762
1749264389,0.76100000,53487.90000000,0.762
1749264389,0.76000000,35210.10000000,0.762
1749264389,0.75900000,9250.10000000,0.762
1749264389,0.75800000,14261.50000000,0.762
1749264389,0.75700000,10836.70000000,0.762
1749264389,0.75600000,7034.30000000,0.762
1749264389,0.75500000,5769.80000000,0.762
1749264389,0.75400000,2865.00000000,0.762
1749264389,0.75300000,5251.50000000,0.762
1749264389,0.75200000,3191.60000000,0.762
1749264389,0.75100000,6059.60000000,0.762
1749264389,0.75000000,896.10000000,0.762
1749264389,0.74900000,3693.40000000,0.762
1749264389,0.74800000,1368.30000000,0.762
1749264389,0.74700000,1731.10000000,0.762
1749264389,0.74600000,2223.40000000,0.762
1749264389,0.74500000,2547.00000000,0.762
1749264389,0.74400000,888.40000000,0.762
1749264389,0.74300000,878.40000000,0.762
1749264389,0.74200000,965.00000000,0.762
1749264389,0.74100000,286.60000000,0.762
1749264389,0.74000000,2848.70000000,0.762
1749264389,0.73900000,878.50000000,0.762
1749264389,0.73800000,878.50000000,0.762
1749264389,0.73700000,899.00000000,0.762
1749264389,0.73600000,1942.20000000,0.762
1749264389,0.73500000,909.00000000,0.762
1749264389,0.73400000,1638.40000000,0.762
1749264389,0.73300000,1024.90000000,0.762
1749264389,0.73200000,1182.00000000,0.762
1749264389,0.73100000,868.50000000,0.762
1749264389,0.73000000,925.70000000,0.762
1749264389,0.72900000,963.20000000,0.762
1749264389,0.72800000,28.70000000,0.762
1749264389,0.72700000,901.60000000,0.762
1749264389,0.72600000,13.50000000,0.762
1749264389,0.72500000,1181.20000000,0.762
1749264389,0.72400000,13.50000000,0.762
1749264389,0.72300000,48.50000000,0.762
1749264389,0.72200000,868.50000000,0.762
1749264389,0.72100000,14752.00000000,0.762
1749264389,0.72000000,19217.10000000,0.762
1749264389,0.71900000,21.00000000,0.762
1749264389,0.71800000,165.60000000,0.762
1749264389,0.71700000,107.80000000,0.762
1749264389,0.71600000,334.00000000,0.762
1749264389,0.71500000,1507.80000000,0.762
1749264389,0.71400000,177.50000000,0.762
1749264389,0.71300000,26.10000000,0.762
1749264389,0.71200000,21.40000000,0.762
1749264389,0.71100000,73.90000000,0.762
1749264389,0.71000000,386.90000000,0.762
1749264389,0.70900000,386.50000000,0.762
1749264389,0.70800000,155.00000000,0.762
1749264389,0.70700000,47.60000000,0.762
1749264389,0.70600000,31.00000000,0.762
1749264389,0.70500000,580.70000000,0.762
1749264389,0.70400000,387.50000000,0.762
1749264389,0.70300000,596.80000000,0.762
1749264389,0.70200000,2167.80000000,0.762
1749264389,0.70100000,621.40000000,0.762
1749264389,0.70000000,46429.80000000,0.762
1749264389,0.69900000,3189.30000000,0.762
1749264389,0.69800000,454.50000000,0.762
1749264389,0.69700000,13.50000000,0.762
1749264389,0.69600000,871.90000000,0.762
1749264389,0.69500000,156.90000000,0.762
1749264389,0.69400000,1101.90000000,0.762
1749264389,0.69300000,44.30000000,0.762
1749264389,0.69200000,227.50000000,0.762
1749264389,0.69100000,2246.50000000,0.762
1749264389,0.69000000,6291.10000000,0.762
1749264389,0.68900000,21.90000000,0.762
1749264389,0.68800000,3500.30000000,0.762
1749264389,0.68700000,209.40000000,0.762
1749264389,0.68600000,793.90000000,0.762
1749264389,0.68500000,384.80000000,0.762
1749264389,0.68400000,16441.60000000,0.762
1749264389,0.68300000,14.70000000,0.762
1749264389,0.68200000,141.10000000,0.762
1749264389,0.68100000,121.50000000,0.762
1749264389,0.68000000,2750.20000000,0.762
1749264389,0.67900000,1504.20000000,0.762
1749264389,0.67800000,111.20000000,0.762
1749264389,0.67600000,201.60000000,0.762
1749264389,0.67500000,2565.00000000,0.762
1749264389,0.67400000,806.70000000,0.762
1749264389,0.67300000,191.40000000,0.762
1749264389,0.67200000,166.40000000,0.762
1749264389,0.67000000,2062.20000000,0.762
1749264389,0.66900000,7.50000000,0.762
1749264389,0.66800000,56.50000000,0.762
1749264389,0.66700000,7.60000000,0.762
1749264389,0.66600000,62480.20000000,0.762
1749264389,0.66500000,953.70000000,0.762
1749264389,0.66400000,150.60000000,0.762
1749264389,0.66300000,175.40000000,0.762
1749264389,0.66200000,7.90000000,0.762
1749264389,0.66100000,12726.90000000,0.762
1749264691,0.76300000,392.00000000,0.763
1749264691,0.76200000,34701.00000000,0.763
1749264691,0.76100000,46188.30000000,0.763
1749264691,0.76000000,27708.70000000,0.763
1749264691,0.75900000,9020.00000000,0.763
1749264691,0.75800000,16614.80000000,0.763
1749264691,0.75700000,6362.90000000,0.763
1749264691,0.75600000,5845.50000000,0.763
1749264691,0.75500000,5902.00000000,0.763
1749264691,0.75400000,3234.80000000,0.763
1749264691,0.75300000,4422.10000000,0.763
1749264691,0.75200000,2219.80000000,0.763
1749264691,0.75100000,6059.60000000,0.763
1749264691,0.75000000,896.10000000,0.763
1749264691,0.74900000,1540.50000000,0.763
1749264691,0.74800000,2703.30000000,0.763
1749264691,0.74700000,903.50000000,0.763
1749264691,0.74600000,888.40000000,0.763
1749264691,0.74500000,2547.00000000,0.763
1749264691,0.74400000,888.40000000,0.763
1749264691,0.74300000,878.40000000,0.763
1749264691,0.74200000,965.00000000,0.763
1749264691,0.74100000,286.60000000,0.763
1749264691,0.74000000,2848.70000000,0.763
1749264691,0.73900000,878.50000000,0.763
1749264691,0.73800000,878.50000000,0.763
1749264691,0.73700000,899.00000000,0.763
1749264691,0.73600000,2690.80000000,0.763
1749264691,0.73500000,900.80000000,0.763
1749264691,0.73400000,887.70000000,0.763
1749264691,0.73300000,1024.90000000,0.763
1749264691,0.73200000,1182.00000000,0.763
1749264691,0.73100000,868.50000000,0.763
1749264691,0.73000000,925.70000000,0.763
1749264691,0.72900000,963.20000000,0.763
1749264691,0.72800000,28.70000000,0.763
1749264691,0.72700000,901.60000000,0.763
1749264691,0.72600000,13.50000000,0.763
1749264691,0.72500000,1181.20000000,0.763
1749264691,0.72400000,13.50000000,0.763
1749264691,0.72300000,48.50000000,0.763
1749264691,0.72200000,868.50000000,0.763
1749264691,0.72100000,14752.00000000,0.763
1749264691,0.72000000,18362.10000000,0.763
1749264691,0.71900000,21.00000000,0.763
1749264691,0.71800000,165.60000000,0.763
1749264691,0.71700000,107.80000000,0.763
1749264691,0.71600000,334.00000000,0.763
1749264691,0.71500000,1507.80000000,0.763
1749264691,0.71400000,177.50000000,0.763
1749264691,0.71300000,13.50000000,0.763
1749264691,0.71200000,21.40000000,0.763
1749264691,0.71100000,73.90000000,0.763
1749264691,0.71000000,386.90000000,0.763
1749264691,0.70900000,386.50000000,0.763
1749264691,0.70800000,155.00000000,0.763
1749264691,0.70700000,47.60000000,0.763
1749264691,0.70600000,31.00000000,0.763
1749264691,0.70500000,1147.10000000,0.763
1749264691,0.70400000,387.50000000,0.763
1749264691,0.70300000,28.80000000,0.763
1749264691,0.70200000,2167.80000000,0.763
1749264691,0.70100000,621.40000000,0.763
1749264691,0.70000000,46429.80000000,0.763
1749264691,0.69900000,3189.30000000,0.763
1749264691,0.69800000,454.50000000,0.763
1749264691,0.69700000,27.90000000,0.763
1749264691,0.69600000,857.50000000,0.763
1749264691,0.69500000,156.90000000,0.763
1749264691,0.69400000,1101.90000000,0.763
1749264691,0.69300000,44.30000000,0.763
1749264691,0.69200000,227.50000000,0.763
1749264691,0.69100000,2246.50000000,0.763
1749264691,0.69000000,6260.50000000,0.763
1749264691,0.68900000,21.90000000,0.763
1749264691,0.68800000,3500.30000000,0.763
1749264691,0.68700000,177.40000000,0.763
1749264691,0.68600000,825.90000000,0.763
1749264691,0.68500000,384.80000000,0.763
1749264691,0.68400000,16441.60000000,0.763
1749264691,0.68300000,14.70000000,0.763
1749264691,0.68200000,141.10000000,0.763
1749264691,0.68100000,121.50000000,0.763
1749264691,0.68000000,2750.20000000,0.763
1749264691,0.67900000,1504.20000000,0.763
1749264691,0.67800000,111.20000000,0.763
1749264691,0.67600000,201.60000000,0.763
1749264691,0.67500000,2565.00000000,0.763
1749264691,0.67400000,806.70000000,0.763
1749264691,0.67300000,191.40000000,0.763
1749264691,0.67200000,166.40000000,0.763
1749264691,0.67000000,2062.20000000,0.763
1749264691,0.66900000,7.50000000,0.763
1749264691,0.66800000,56.50000000,0.763
1749264691,0.66700000,7.60000000,0.763
1749264691,0.66600000,62480.20000000,0.763
1749264691,0.66500000,953.70000000,0.763
1749264691,0.66400000,150.60000000,0.763
1749264691,0.66300000,175.40000000,0.763
1749264691,0.66200000,7.90000000,0.763
1749264992,0.76600000,15384.70000000,0.767
1749264992,0.76500000,57351.60000000,0.767
1749264992,0.76400000,27357.10000000,0.767
1749264992,0.76300000,14563.40000000,0.767
1749264992,0.76200000,14332.90000000,0.767
1749264992,0.76100000,8237.70000000,0.767
1749264992,0.76000000,5989.50000000,0.767
1749264992,0.75900000,6430.70000000,0.767
1749264992,0.75800000,2591.30000000,0.767
1749264992,0.75700000,3205.40000000,0.767
1749264992,0.75600000,2884.70000000,0.767
1749264992,0.75500000,3600.20000000,0.767
1749264992,0.75400000,859.00000000,0.767
1749264992,0.75300000,901.00000000,0.767
1749264992,0.75200000,1036.10000000,0.767
1749264992,0.75100000,5230.50000000,0.767
1749264992,0.75000000,2231.10000000,0.767
1749264992,0.74900000,848.30000000,0.767
1749264992,0.74800000,1368.30000000,0.767
1749264992,0.74700000,903.50000000,0.767
1749264992,0.74600000,878.40000000,0.767
1749264992,0.74500000,2537.00000000,0.767
1749264992,0.74400000,878.40000000,0.767
1749264992,0.74300000,878.40000000,0.767
1749264992,0.74200000,965.00000000,0.767
1749264992,0.74100000,286.60000000,0.767
1749264992,0.74000000,3587.10000000,0.767
1749264992,0.73900000,878.50000000,0.767
1749264992,0.73800000,878.50000000,0.767
1749264992,0.73700000,899.00000000,0.767
1749264992,0.73600000,1942.20000000,0.767
1749264992,0.73500000,900.80000000,0.767
1749264992,0.73400000,887.70000000,0.767
1749264992,0.73300000,1024.90000000,0.767
1749264992,0.73200000,1182.00000000,0.767
1749264992,0.73100000,868.50000000,0.767
1749264992,0.73000000,925.70000000,0.767
1749264992,0.72900000,963.20000000,0.767
1749264992,0.72800000,28.70000000,0.767
1749264992,0.72700000,901.60000000,0.767
1749264992,0.72600000,13.50000000,0.767
1749264992,0.72500000,326.20000000,0.767
1749264992,0.72400000,13.50000000,0.767
1749264992,0.72300000,48.50000000,0.767
1749264992,0.72200000,13.50000000,0.767
1749264992,0.72100000,13897.00000000,0.767
1749264992,0.72000000,18362.10000000,0.767
1749264992,0.71900000,21.00000000,0.767
1749264992,0.71800000,165.60000000,0.767
1749264992,0.71700000,107.80000000,0.767
1749264992,0.71600000,334.00000000,0.767
1749264992,0.71500000,1507.80000000,0.767
1749264992,0.71400000,177.50000000,0.767
1749264992,0.71300000,13.50000000,0.767
1749264992,0.71200000,21.40000000,0.767
1749264992,0.71100000,73.90000000,0.767
1749264992,0.71000000,386.90000000,0.767
1749264992,0.70900000,386.50000000,0.767
1749264992,0.70800000,719.00000000,0.767
1749264992,0.70700000,47.60000000,0.767
1749264992,0.70600000,31.00000000,0.767
1749264992,0.70500000,580.70000000,0.767
1749264992,0.70400000,387.50000000,0.767
1749264992,0.70300000,28.80000000,0.767
1749264992,0.70200000,2167.80000000,0.767
1749264992,0.70100000,621.40000000,0.767
1749264992,0.70000000,46429.80000000,0.767
1749264992,0.69900000,3189.30000000,0.767
1749264992,0.69800000,454.50000000,0.767
1749264992,0.69700000,27.90000000,0.767
1749264992,0.69600000,857.50000000,0.767
1749264992,0.69500000,156.90000000,0.767
1749264992,0.69400000,1101.90000000,0.767
1749264992,0.69300000,31.20000000,0.767
1749264992,0.69200000,214.40000000,0.767
1749264992,0.69100000,2233.40000000,0.767
1749264992,0.69000000,6260.50000000,0.767
1749264992,0.68900000,21.90000000,0.767
1749264992,0.68800000,3500.30000000,0.767
1749264992,0.68700000,177.40000000,0.767
1749264992,0.68600000,825.90000000,0.767
1749264992,0.68500000,384.80000000,0.767
1749264992,0.68400000,16441.60000000,0.767
1749264992,0.68300000,14.70000000,0.767
1749264992,0.68200000,141.10000000,0.767
1749264992,0.68100000,121.50000000,0.767
1749264992,0.68000000,2750.20000000,0.767
1749264992,0.67900000,1504.20000000,0.767
1749264992,0.67800000,111.20000000,0.767
1749264992,0.67600000,201.60000000,0.767
1749264992,0.67500000,2565.00000000,0.767
1749264992,0.67400000,806.70000000,0.767
1749264992,0.67300000,191.40000000,0.767
1749264992,0.67200000,166.40000000,0.767
1749264992,0.67000000,1941.50000000,0.767
1749264992,0.66900000,7.50000000,0.767
1749264992,0.66800000,56.50000000,0.767
1749264992,0.66700000,7.60000000,0.767
1749264992,0.66600000,62480.20000000,0.767
1749264992,0.66500000,953.70000000,0.767
1749265299,0.76600000,12331.00000000,0.766
1749265299,0.76500000,64051.80000000,0.766
1749265299,0.76400000,29293.10000000,0.766
1749265299,0.76300000,7819.50000000,0.766
1749265299,0.76200000,11293.50000000,0.766
1749265299,0.76100000,8010.90000000,0.766
1749265299,0.76000000,7045.60000000,0.766
1749265299,0.75900000,6157.60000000,0.766
1749265299,0.75800000,2591.30000000,0.766
1749265299,0.75700000,1994.10000000,0.766
1749265299,0.75600000,3538.40000000,0.766
1749265299,0.75500000,3600.20000000,0.766
1749265299,0.75400000,859.00000000,0.766
1749265299,0.75300000,901.00000000,0.766
1749265299,0.75200000,903.40000000,0.766
1749265299,0.75100000,5230.50000000,0.766
1749265299,0.75000000,2231.10000000,0.766
1749265299,0.74900000,848.30000000,0.766
1749265299,0.74800000,1368.30000000,0.766
1749265299,0.74700000,903.50000000,0.766
1749265299,0.74600000,878.40000000,0.766
1749265299,0.74500000,2673.00000000,0.766
1749265299,0.74400000,878.40000000,0.766
1749265299,0.74300000,878.40000000,0.766
1749265299,0.74200000,965.00000000,0.766
1749265299,0.74100000,286.60000000,0.766
1749265299,0.74000000,2180.90000000,0.766
1749265299,0.73900000,1624.10000000,0.766
1749265299,0.73800000,878.50000000,0.766
1749265299,0.73700000,899.00000000,0.766
1749265299,0.73600000,1942.20000000,0.766
1749265299,0.73500000,900.80000000,0.766
1749265299,0.73400000,887.70000000,0.766
1749265299,0.73300000,1024.90000000,0.766
1749265299,0.73200000,1182.00000000,0.766
1749265299,0.73100000,868.50000000,0.766
1749265299,0.73000000,925.70000000,0.766
1749265299,0.72900000,963.20000000,0.766
1749265299,0.72800000,28.70000000,0.766
1749265299,0.72700000,176.90000000,0.766
1749265299,0.72600000,13.50000000,0.766
1749265299,0.72500000,326.20000000,0.766
1749265299,0.72400000,13.50000000,0.766
1749265299,0.72300000,48.50000000,0.766
1749265299,0.72200000,13.50000000,0.766
1749265299,0.72100000,13897.00000000,0.766
1749265299,0.72000000,18362.10000000,0.766
1749265299,0.71900000,21.00000000,0.766
1749265299,0.71800000,165.60000000,0.766
1749265299,0.71700000,107.80000000,0.766
1749265299,0.71600000,334.00000000,0.766
1749265299,0.71500000,1507.80000000,0.766
1749265299,0.71400000,177.50000000,0.766
1749265299,0.71300000,13.50000000,0.766
1749265299,0.71200000,21.40000000,0.766
1749265299,0.71100000,73.90000000,0.766
1749265299,0.71000000,386.90000000,0.766
1749265299,0.70900000,386.50000000,0.766
1749265299,0.70800000,719.00000000,0.766
1749265299,0.70700000,47.60000000,0.766
1749265299,0.70600000,31.00000000,0.766
1749265299,0.70500000,580.70000000,0.766
1749265299,0.70400000,387.50000000,0.766
1749265299,0.70300000,28.80000000,0.766
1749265299,0.70200000,2167.80000000,0.766
1749265299,0.70100000,621.40000000,0.766
1749265299,0.70000000,46429.80000000,0.766
1749265299,0.69900000,3189.30000000,0.766
1749265299,0.69800000,454.50000000,0.766
1749265299,0.69700000,27.90000000,0.766
1749265299,0.69600000,857.50000000,0.766
1749265299,0.69500000,156.90000000,0.766
1749265299,0.69400000,1101.90000000,0.766
1749265299,0.69300000,31.20000000,0.766
1749265299,0.69200000,214.40000000,0.766
1749265299,0.69100000,2233.40000000,0.766
1749265299,0.69000000,6260.50000000,0.766
1749265299,0.68900000,53.90000000,0.766
1749265299,0.68800000,3500.30000000,0.766
1749265299,0.68700000,177.40000000,0.766
1749265299,0.68600000,793.90000000,0.766
1749265299,0.68500000,384.80000000,0.766
1749265299,0.68400000,16441.60000000,0.766
1749265299,0.68300000,14.70000000,0.766
1749265299,0.68200000,141.10000000,0.766
1749265299,0.68100000,121.50000000,0.766
1749265299,0.68000000,2750.20000000,0.766
1749265299,0.67900000,1504.20000000,0.766
1749265299,0.67800000,111.20000000,0.766
1749265299,0.67600000,201.60000000,0.766
1749265299,0.67500000,2565.00000000,0.766
1749265299,0.67400000,806.70000000,0.766
1749265299,0.67300000,191.40000000,0.766
1749265299,0.67200000,166.40000000,0.766
1749265299,0.67000000,1941.50000000,0.766
1749265299,0.66900000,7.50000000,0.766
1749265299,0.66800000,56.50000000,0.766
1749265299,0.66700000,7.60000000,0.766
1749265299,0.66600000,62480.20000000,0.766
1749265299,0.66500000,953.70000000,0.766
1749265601,0.76700000,9843.40000000,0.768
1749265601,0.76600000,47520.50000000,0.768
1749265601,0.76500000,27711.60000000,0.768
1749265601,0.76400000,19640.70000000,0.768
1749265601,0.76300000,8936.00000000,0.768
1749265601,0.76200000,9564.00000000,0.768
1749265601,0.76100000,9691.10000000,0.768
1749265601,0.76000000,5989.50000000,0.768
1749265601,0.75900000,6141.40000000,0.768
1749265601,0.75800000,2591.30000000,0.768
1749265601,0.75700000,1994.10000000,0.768
1749265601,0.75600000,3670.40000000,0.768
1749265601,0.75500000,3621.00000000,0.768
1749265601,0.75400000,1057.90000000,0.768
1749265601,0.75300000,1655.70000000,0.768
1749265601,0.75200000,903.40000000,0.768
1749265601,0.75100000,4540.20000000,0.768
1749265601,0.75000000,2231.10000000,0.768
1749265601,0.74900000,848.30000000,0.768
1749265601,0.74800000,1368.30000000,0.768
1749265601,0.74700000,903.50000000,0.768
1749265601,0.74600000,878.40000000,0.768
1749265601,0.74500000,2673.00000000,0.768
1749265601,0.74400000,878.40000000,0.768
1749265601,0.74300000,878.40000000,0.768
1749265601,0.74200000,965.00000000,0.768
1749265601,0.74100000,286.60000000,0.768
1749265601,0.74000000,2180.90000000,0.768
1749265601,0.73900000,878.50000000,0.768
1749265601,0.73800000,1625.10000000,0.768
1749265601,0.73700000,899.00000000,0.768
1749265601,0.73600000,1942.20000000,0.768
1749265601,0.73500000,900.80000000,0.768
1749265601,0.73400000,887.70000000,0.768
1749265601,0.73300000,1024.90000000,0.768
1749265601,0.73200000,1182.00000000,0.768
1749265601,0.73100000,868.50000000,0.768
1749265601,0.73000000,70.70000000,0.768
1749265601,0.72900000,108.20000000,0.768
1749265601,0.72800000,28.70000000,0.768
1749265601,0.72700000,176.90000000,0.768
1749265601,0.72600000,13.50000000,0.768
1749265601,0.72500000,326.20000000,0.768
1749265601,0.72400000,13.50000000,0.768
1749265601,0.72300000,48.50000000,0.768
1749265601,0.72200000,13.50000000,0.768
1749265601,0.72100000,13897.00000000,0.768
1749265601,0.72000000,18362.10000000,0.768
1749265601,0.71900000,21.00000000,0.768
1749265601,0.71800000,165.60000000,0.768
1749265601,0.71700000,107.80000000,0.768
1749265601,0.71600000,334.00000000,0.768
1749265601,0.71500000,1507.80000000,0.768
1749265601,0.71400000,177.50000000,0.768
1749265601,0.71300000,13.50000000,0.768
1749265601,0.71200000,21.40000000,0.768
1749265601,0.71100000,73.90000000,0.768
1749265601,0.71000000,386.90000000,0.768
1749265601,0.70900000,386.50000000,0.768
1749265601,0.70800000,155.00000000,0.768
1749265601,0.70700000,47.60000000,0.768
1749265601,0.70600000,31.00000000,0.768
1749265601,0.70500000,580.70000000,0.768
1749265601,0.70400000,387.50000000,0.768
1749265601,0.70300000,28.80000000,0.768
1749265601,0.70200000,2167.80000000,0.768
1749265601,0.70100000,621.40000000,0.768
1749265601,0.70000000,46429.80000000,0.768
1749265601,0.69900000,3189.30000000,0.768
1749265601,0.69800000,454.50000000,0.768
1749265601,0.69700000,13.50000000,0.768
1749265601,0.69600000,857.50000000,0.768
1749265601,0.69500000,156.90000000,0.768
1749265601,0.69400000,1103.30000000,0.768
1749265601,0.69300000,31.20000000,0.768
1749265601,0.69200000,214.40000000,0.768
1749265601,0.69100000,2233.40000000,0.768
1749265601,0.69000000,6260.50000000,0.768
1749265601,0.68900000,53.90000000,0.768
1749265601,0.68800000,3500.30000000,0.768
1749265601,0.68700000,177.40000000,0.768
1749265601,0.68600000,793.90000000,0.768
1749265601,0.68500000,384.80000000,0.768
1749265601,0.68400000,16441.60000000,0.768
1749265601,0.68300000,14.70000000,0.768
1749265601,0.68200000,141.10000000,0.768
1749265601,0.68100000,121.50000000,0.768
1749265601,0.68000000,2750.20000000,0.768
1749265601,0.67900000,1504.20000000,0.768
1749265601,0.67800000,111.20000000,0.768
1749265601,0.67600000,201.60000000,0.768
1749265601,0.67500000,2565.00000000,0.768
1749265601,0.67400000,806.70000000,0.768
1749265601,0.67300000,191.40000000,0.768
1749265601,0.67200000,166.40000000,0.768
1749265601,0.67000000,1941.50000000,0.768
1749265601,0.66900000,7.50000000,0.768
1749265601,0.66800000,56.50000000,0.768
1749265601,0.66700000,7.60000000,0.768
1749265601,0.66600000,62480.20000000,0.768
1749265902,0.77000000,177.30000000,0.77
1749265902,0.76900000,37285.50000000,0.77
1749265902,0.76800000,40547.50000000,0.77
1749265902,0.76700000,20753.70000000,0.77
1749265902,0.76600000,8319.80000000,0.77
1749265902,0.76500000,15643.10000000,0.77
1749265902,0.76400000,10174.30000000,0.77
1749265902,0.76300000,6093.30000000,0.77
1749265902,0.76200000,6073.10000000,0.77
1749265902,0.76100000,6181.50000000,0.77
1749265902,0.76000000,5969.50000000,0.77
1749265902,0.75900000,2856.60000000,0.77
1749265902,0.75800000,3933.70000000,0.77
1749265902,0.75700000,3061.80000000,0.77
1749265902,0.75600000,898.80000000,0.77
1749265902,0.75500000,1511.70000000,0.77
1749265902,0.75400000,2392.90000000,0.77
1749265902,0.75300000,901.00000000,0.77
1749265902,0.75200000,903.40000000,0.77
1749265902,0.75100000,4540.20000000,0.77
1749265902,0.75000000,896.10000000,0.77
1749265902,0.74900000,838.40000000,0.77
1749265902,0.74800000,1339.80000000,0.77
1749265902,0.74700000,893.60000000,0.77
1749265902,0.74600000,878.40000000,0.77
1749265902,0.74500000,2673.00000000,0.77
1749265902,0.74400000,878.40000000,0.77
1749265902,0.74300000,878.40000000,0.77
1749265902,0.74200000,965.00000000,0.77
1749265902,0.74100000,1024.00000000,0.77
1749265902,0.74000000,2343.50000000,0.77
1749265902,0.73900000,878.50000000,0.77
1749265902,0.73800000,878.50000000,0.77
1749265902,0.73700000,899.00000000,0.77
1749265902,0.73600000,1942.20000000,0.77
1749265902,0.73500000,900.80000000,0.77
1749265902,0.73400000,887.70000000,0.77
1749265902,0.73300000,1024.90000000,0.77
1749265902,0.73200000,1182.00000000,0.77
1749265902,0.73100000,868.50000000,0.77
1749265902,0.73000000,70.70000000,0.77
1749265902,0.72900000,108.20000000,0.77
1749265902,0.72800000,28.70000000,0.77
1749265902,0.72700000,143.80000000,0.77
1749265902,0.72600000,13.50000000,0.77
1749265902,0.72500000,326.20000000,0.77
1749265902,0.72400000,13.50000000,0.77
1749265902,0.72300000,48.50000000,0.77
1749265902,0.72200000,13.50000000,0.77
1749265902,0.72100000,13897.00000000,0.77
1749265902,0.72000000,18362.10000000,0.77
1749265902,0.71900000,21.00000000,0.77
1749265902,0.71800000,165.60000000,0.77
1749265902,0.71700000,107.80000000,0.77
1749265902,0.71600000,334.00000000,0.77
1749265902,0.71500000,1507.80000000,0.77
1749265902,0.71400000,177.50000000,0.77
1749265902,0.71300000,13.50000000,0.77
1749265902,0.71200000,21.40000000,0.77
1749265902,0.71100000,73.90000000,0.77
1749265902,0.71000000,386.90000000,0.77
1749265902,0.70900000,386.50000000,0.77
1749265902,0.70800000,155.00000000,0.77
1749265902,0.70700000,47.60000000,0.77
1749265902,0.70600000,31.00000000,0.77
1749265902,0.70500000,580.70000000,0.77
1749265902,0.70400000,387.50000000,0.77
1749265902,0.70300000,28.80000000,0.77
1749265902,0.70200000,2167.80000000,0.77
1749265902,0.70100000,621.40000000,0.77
1749265902,0.70000000,46429.80000000,0.77
1749265902,0.69900000,3189.30000000,0.77
1749265902,0.69800000,454.50000000,0.77
1749265902,0.69600000,844.40000000,0.77
1749265902,0.69500000,143.80000000,0.77
1749265902,0.69400000,1103.30000000,0.77
1749265902,0.69300000,31.20000000,0.77
1749265902,0.69200000,214.40000000,0.77
1749265902,0.69100000,2265.00000000,0.77
1749265902,0.69000000,6260.50000000,0.77
1749265902,0.68900000,21.90000000,0.77
1749265902,0.68800000,3500.30000000,0.77
1749265902,0.68700000,177.40000000,0.77
1749265902,0.68600000,793.90000000,0.77
1749265902,0.68500000,384.80000000,0.77
1749265902,0.68400000,16441.60000000,0.77
1749265902,0.68300000,14.70000000,0.77
1749265902,0.68200000,141.10000000,0.77
1749265902,0.68100000,121.50000000,0.77
1749265902,0.68000000,2750.20000000,0.77
1749265902,0.67900000,1504.20000000,0.77
1749265902,0.67800000,111.20000000,0.77
1749265902,0.67600000,201.60000000,0.77
1749265902,0.67500000,2565.00000000,0.77
1749265902,0.67400000,806.70000000,0.77
1749265902,0.67300000,191.40000000,0.77
1749265902,0.67200000,166.40000000,0.77
1749265902,0.67000000,1941.50000000,0.77
1749265902,0.66900000,7.50000000,0.77
1749265902,0.66800000,56.50000000,0.77
1749266204,0.77200000,2317.10000000,0.772
1749266204,0.77100000,44110.10000000,0.772
1749266204,0.77000000,42849.10000000,0.772
1749266204,0.76900000,23075.80000000,0.772
1749266204,0.76800000,7795.70000000,0.772
1749266204,0.76700000,11141.00000000,0.772
1749266204,0.76600000,7528.70000000,0.772
1749266204,0.76500000,9326.40000000,0.772
1749266204,0.76400000,9199.70000000,0.772
1749266204,0.76300000,6795.80000000,0.772
1749266204,0.76200000,3005.80000000,0.772
1749266204,0.76100000,5890.50000000,0.772
1749266204,0.76000000,1057.30000000,0.772
1749266204,0.75900000,2192.30000000,0.772
1749266204,0.75800000,911.90000000,0.772
1749266204,0.75700000,931.60000000,0.772
1749266204,0.75600000,2248.50000000,0.772
1749266204,0.75500000,825.00000000,0.772
1749266204,0.75400000,1057.90000000,0.772
1749266204,0.75300000,901.00000000,0.772
1749266204,0.75200000,903.40000000,0.772
1749266204,0.75100000,4530.30000000,0.772
1749266204,0.75000000,886.20000000,0.772
1749266204,0.74900000,838.40000000,0.772
1749266204,0.74800000,1339.80000000,0.772
1749266204,0.74700000,893.60000000,0.772
1749266204,0.74600000,878.40000000,0.772
1749266204,0.74500000,3406.50000000,0.772
1749266204,0.74400000,885.70000000,0.772
1749266204,0.74300000,878.40000000,0.772
1749266204,0.74200000,965.00000000,0.772
1749266204,0.74100000,286.60000000,0.772
1749266204,0.74000000,2343.50000000,0.772
1749266204,0.73900000,878.50000000,0.772
1749266204,0.73800000,878.50000000,0.772
1749266204,0.73700000,899.00000000,0.772
1749266204,0.73600000,1942.20000000,0.772
1749266204,0.73500000,900.80000000,0.772
1749266204,0.73400000,887.70000000,0.772
1749266204,0.73300000,1024.90000000,0.772
1749266204,0.73200000,1182.00000000,0.772
1749266204,0.73100000,13.50000000,0.772
1749266204,0.73000000,70.70000000,0.772
1749266204,0.72900000,108.20000000,0.772
1749266204,0.72800000,28.70000000,0.772
1749266204,0.72700000,143.80000000,0.772
1749266204,0.72600000,13.50000000,0.772
1749266204,0.72500000,326.20000000,0.772
1749266204,0.72400000,13.50000000,0.772
1749266204,0.72300000,13.50000000,0.772
1749266204,0.72200000,138.00000000,0.772
1749266204,0.72100000,13897.00000000,0.772
1749266204,0.72000000,18362.10000000,0.772
1749266204,0.71900000,37.50000000,0.772
1749266204,0.71800000,165.60000000,0.772
1749266204,0.71700000,107.80000000,0.772
1749266204,0.71600000,334.00000000,0.772
1749266204,0.71500000,1507.80000000,0.772
1749266204,0.71400000,177.50000000,0.772
1749266204,0.71300000,13.50000000,0.772
1749266204,0.71200000,21.40000000,0.772
1749266204,0.71100000,73.90000000,0.772
1749266204,0.71000000,386.90000000,0.772
1749266204,0.70900000,386.50000000,0.772
1749266204,0.70800000,155.00000000,0.772
1749266204,0.70700000,47.60000000,0.772
1749266204,0.70600000,31.00000000,0.772
1749266204,0.70500000,580.70000000,0.772
1749266204,0.70400000,387.50000000,0.772
1749266204,0.70300000,28.80000000,0.772
1749266204,0.70200000,2167.80000000,0.772
1749266204,0.70100000,621.40000000,0.772
1749266204,0.70000000,46429.80000000,0.772
1749266204,0.69900000,3175.80000000,0.772
1749266204,0.69800000,441.00000000,0.772
1749266204,0.69600000,844.40000000,0.772
1749266204,0.69500000,143.80000000,0.772
1749266204,0.69400000,1103.30000000,0.772
1749266204,0.69300000,31.20000000,0.772
1749266204,0.69200000,214.40000000,0.772
1749266204,0.69100000,2265.00000000,0.772
1749266204,0.69000000,6260.50000000,0.772
1749266204,0.68900000,21.90000000,0.772
1749266204,0.68800000,3500.30000000,0.772
1749266204,0.68700000,177.40000000,0.772
1749266204,0.68600000,785.30000000,0.772
1749266204,0.68500000,384.80000000,0.772
1749266204,0.68400000,16441.60000000,0.772
1749266204,0.68300000,14.70000000,0.772
1749266204,0.68200000,141.10000000,0.772
1749266204,0.68100000,121.50000000,0.772
1749266204,0.68000000,2750.20000000,0.772
1749266204,0.67900000,1504.20000000,0.772
1749266204,0.67800000,111.20000000,0.772
1749266204,0.67600000,201.60000000,0.772
1749266204,0.67500000,2565.00000000,0.772
1749266204,0.67400000,806.70000000,0.772
1749266204,0.67300000,191.40000000,0.772
1749266204,0.67200000,166.40000000,0.772
1749266204,0.67000000,1941.50000000,0.772
1749266505,0.76900000,1242.70000000,0.769
1749266505,0.76800000,46337.90000000,0.769
1749266505,0.76700000,51232.20000000,0.769
1749266505,0.76600000,14231.10000000,0.769
1749266505,0.76500000,14120.70000000,0.769
1749266505,0.76400000,10596.20000000,0.769
1749266505,0.76300000,2834.40000000,0.769
1749266505,0.76200000,3925.80000000,0.769
1749266505,0.76100000,1531.80000000,0.769
1749266505,0.76000000,1254.90000000,0.769
1749266505,0.75900000,3894.60000000,0.769
1749266505,0.75800000,911.90000000,0.769
1749266505,0.75700000,246.80000000,0.769
1749266505,0.75600000,2223.00000000,0.769
1749266505,0.75500000,1511.70000000,0.769
1749266505,0.75400000,2392.90000000,0.769
1749266505,0.75300000,901.00000000,0.769
1749266505,0.75200000,903.40000000,0.769
1749266505,0.75100000,4530.30000000,0.769
1749266505,0.75000000,886.20000000,0.769
1749266505,0.74900000,838.40000000,0.769
1749266505,0.74800000,1339.80000000,0.769
1749266505,0.74700000,893.60000000,0.769
1749266505,0.74600000,878.40000000,0.769
1749266505,0.74500000,2673.00000000,0.769
1749266505,0.74400000,885.70000000,0.769
1749266505,0.74300000,878.40000000,0.769
1749266505,0.74200000,1707.60000000,0.769
1749266505,0.74100000,286.60000000,0.769
1749266505,0.74000000,2343.50000000,0.769
1749266505,0.73900000,878.50000000,0.769
1749266505,0.73800000,878.50000000,0.769
1749266505,0.73700000,899.00000000,0.769
1749266505,0.73600000,1942.20000000,0.769
1749266505,0.73500000,900.80000000,0.769
1749266505,0.73400000,887.70000000,0.769
1749266505,0.73300000,1024.90000000,0.769
1749266505,0.73200000,1182.00000000,0.769
1749266505,0.73100000,13.50000000,0.769
1749266505,0.73000000,208.10000000,0.769
1749266505,0.72900000,13825.60000000,0.769
1749266505,0.72800000,30258.50000000,0.769
1749266505,0.72700000,143.80000000,0.769
1749266505,0.72600000,13.50000000,0.769
1749266505,0.72500000,326.20000000,0.769
1749266505,0.72400000,13.50000000,0.769
1749266505,0.72300000,13.50000000,0.769
1749266505,0.72200000,13.50000000,0.769
1749266505,0.72100000,27.40000000,0.769
1749266505,0.72000000,18362.10000000,0.769
1749266505,0.71900000,37.50000000,0.769
1749266505,0.71800000,165.60000000,0.769
1749266505,0.71700000,107.80000000,0.769
1749266505,0.71600000,334.00000000,0.769
1749266505,0.71500000,1507.80000000,0.769
1749266505,0.71400000,177.50000000,0.769
1749266505,0.71300000,13.50000000,0.769
1749266505,0.71200000,21.40000000,0.769
1749266505,0.71100000,73.90000000,0.769
1749266505,0.71000000,386.90000000,0.769
1749266505,0.70900000,386.50000000,0.769
1749266505,0.70800000,155.00000000,0.769
1749266505,0.70700000,47.60000000,0.769
1749266505,0.70600000,31.00000000,0.769
1749266505,0.70500000,580.70000000,0.769
1749266505,0.70400000,387.50000000,0.769
1749266505,0.70300000,28.80000000,0.769
1749266505,0.70200000,2167.80000000,0.769
1749266505,0.70100000,621.40000000,0.769
1749266505,0.70000000,46429.80000000,0.769
1749266505,0.69900000,3188.80000000,0.769
1749266505,0.69800000,454.00000000,0.769
1749266505,0.69700000,13.00000000,0.769
1749266505,0.69600000,844.40000000,0.769
1749266505,0.69500000,143.80000000,0.769
1749266505,0.69400000,1120.40000000,0.769
1749266505,0.69300000,31.20000000,0.769
1749266505,0.69200000,228.90000000,0.769
1749266505,0.69100000,2233.40000000,0.769
1749266505,0.69000000,6260.50000000,0.769
1749266505,0.68900000,21.90000000,0.769
1749266505,0.68800000,3500.30000000,0.769
1749266505,0.68700000,177.40000000,0.769
1749266505,0.68600000,785.30000000,0.769
1749266505,0.68500000,1506.30000000,0.769
1749266505,0.68400000,16441.60000000,0.769
1749266505,0.68300000,14.70000000,0.769
1749266505,0.68200000,141.10000000,0.769
1749266505,0.68100000,121.50000000,0.769
1749266505,0.68000000,2750.20000000,0.769
1749266505,0.67900000,1504.20000000,0.769
1749266505,0.67800000,111.20000000,0.769
1749266505,0.67600000,201.60000000,0.769
1749266505,0.67500000,2565.00000000,0.769
1749266505,0.67400000,806.70000000,0.769
1749266505,0.67300000,191.40000000,0.769
1749266505,0.67200000,166.40000000,0.769
1749266505,0.67000000,1941.50000000,0.769
1749266505,0.66800000,56.50000000,0.769
1749266505,0.66700000,7.60000000,0.769
1749266807,0.77200000,1160.90000000,0.772
1749266807,0.77100000,38295.10000000,0.772
1749266807,0.77000000,47713.40000000,0.772
1749266807,0.76900000,30495.60000000,0.772
1749266807,0.76800000,6907.60000000,0.772
1749266807,0.76700000,14193.00000000,0.772
1749266807,0.76600000,9550.20000000,0.772
1749266807,0.76500000,8964.60000000,0.772
1749266807,0.76400000,2958.60000000,0.772
1749266807,0.76300000,2908.90000000,0.772
1749266807,0.76200000,3063.20000000,0.772
1749266807,0.76100000,2396.00000000,0.772
1749266807,0.76000000,2190.60000000,0.772
1749266807,0.75900000,888.00000000,0.772
1749266807,0.75800000,911.90000000,0.772
1749266807,0.75700000,2903.50000000,0.772
1749266807,0.75600000,913.50000000,0.772
1749266807,0.75500000,825.00000000,0.772
1749266807,0.75400000,1057.90000000,0.772
1749266807,0.75300000,901.00000000,0.772
1749266807,0.75200000,893.50000000,0.772
1749266807,0.75100000,4530.30000000,0.772
1749266807,0.75000000,886.20000000,0.772
1749266807,0.74900000,838.40000000,0.772
1749266807,0.74800000,1339.80000000,0.772
1749266807,0.74700000,893.60000000,0.772
1749266807,0.74600000,1617.00000000,0.772
1749266807,0.74500000,2673.00000000,0.772
1749266807,0.74400000,885.70000000,0.772
1749266807,0.74300000,878.40000000,0.772
1749266807,0.74200000,965.00000000,0.772
1749266807,0.74100000,286.60000000,0.772
1749266807,0.74000000,2343.50000000,0.772
1749266807,0.73900000,878.50000000,0.772
1749266807,0.73800000,878.50000000,0.772
1749266807,0.73700000,899.00000000,0.772
1749266807,0.73600000,1942.20000000,0.772
1749266807,0.73500000,900.80000000,0.772
1749266807,0.73400000,887.70000000,0.772
1749266807,0.73300000,1024.90000000,0.772
1749266807,0.73200000,327.00000000,0.772
1749266807,0.73100000,13.50000000,0.772
1749266807,0.73000000,208.10000000,0.772
1749266807,0.72900000,13825.60000000,0.772
1749266807,0.72800000,30258.50000000,0.772
1749266807,0.72700000,143.80000000,0.772
1749266807,0.72600000,13.50000000,0.772
1749266807,0.72500000,326.20000000,0.772
1749266807,0.72400000,13.50000000,0.772
1749266807,0.72300000,13.50000000,0.772
1749266807,0.72200000,13.50000000,0.772
1749266807,0.72100000,27.40000000,0.772
1749266807,0.72000000,18362.10000000,0.772
1749266807,0.71900000,37.50000000,0.772
1749266807,0.71800000,165.60000000,0.772
1749266807,0.71700000,107.80000000,0.772
1749266807,0.71600000,334.00000000,0.772
1749266807,0.71500000,1507.80000000,0.772
1749266807,0.71400000,177.50000000,0.772
1749266807,0.71300000,13.50000000,0.772
1749266807,0.71200000,21.40000000,0.772
1749266807,0.71100000,73.90000000,0.772
1749266807,0.71000000,386.90000000,0.772
1749266807,0.70900000,386.50000000,0.772
1749266807,0.70800000,155.00000000,0.772
1749266807,0.70700000,47.60000000,0.772
1749266807,0.70600000,31.00000000,0.772
1749266807,0.70500000,580.70000000,0.772
1749266807,0.70400000,387.50000000,0.772
1749266807,0.70300000,28.80000000,0.772
1749266807,0.70200000,2167.80000000,0.772
1749266807,0.70100000,621.40000000,0.772
1749266807,0.70000000,46429.30000000,0.772
1749266807,0.69900000,3175.80000000,0.772
1749266807,0.69800000,441.00000000,0.772
1749266807,0.69600000,844.40000000,0.772
1749266807,0.69500000,1215.10000000,0.772
1749266807,0.69400000,1120.40000000,0.772
1749266807,0.69300000,31.20000000,0.772
1749266807,0.69200000,228.90000000,0.772
1749266807,0.69100000,2233.40000000,0.772
1749266807,0.69000000,6260.50000000,0.772
1749266807,0.68900000,21.90000000,0.772
1749266807,0.68800000,3500.30000000,0.772
1749266807,0.68700000,177.40000000,0.772
1749266807,0.68600000,785.30000000,0.772
1749266807,0.68500000,1506.30000000,0.772
1749266807,0.68400000,16441.60000000,0.772
1749266807,0.68300000,14.70000000,0.772
1749266807,0.68200000,141.10000000,0.772
1749266807,0.68100000,121.50000000,0.772
1749266807,0.68000000,2750.20000000,0.772
1749266807,0.67900000,1504.20000000,0.772
1749266807,0.67800000,111.20000000,0.772
1749266807,0.67600000,201.60000000,0.772
1749266807,0.67500000,2565.00000000,0.772
1749266807,0.67400000,806.70000000,0.772
1749266807,0.67300000,191.40000000,0.772
1749266807,0.67200000,166.40000000,0.772
1749266807,0.67000000,1941.50000000,0.772
1749267108,0.76800000,3837.00000000,0.769
1749267108,0.76700000,44890.20000000,0.769
1749267108,0.76600000,36006.30000000,0.769
1749267108,0.76500000,13167.40000000,0.769
1749267108,0.76400000,10786.00000000,0.769
1749267108,0.76300000,8391.00000000,0.769
1749267108,0.76200000,5924.40000000,0.769
1749267108,0.76100000,3196.60000000,0.769
1749267108,0.76000000,2389.40000000,0.769
1749267108,0.75900000,888.00000000,0.769
1749267108,0.75800000,911.90000000,0.769
1749267108,0.75700000,1554.50000000,0.769
1749267108,0.75600000,1551.20000000,0.769
1749267108,0.75500000,2846.70000000,0.769
1749267108,0.75400000,1057.90000000,0.769
1749267108,0.75300000,901.00000000,0.769
1749267108,0.75200000,893.50000000,0.769
1749267108,0.75100000,4530.30000000,0.769
1749267108,0.75000000,886.20000000,0.769
1749267108,0.74900000,838.40000000,0.769
1749267108,0.74800000,1339.80000000,0.769
1749267108,0.74700000,893.60000000,0.769
1749267108,0.74600000,878.40000000,0.769
1749267108,0.74500000,2673.00000000,0.769
1749267108,0.74400000,885.70000000,0.769
1749267108,0.74300000,878.40000000,0.769
1749267108,0.74200000,1701.40000000,0.769
1749267108,0.74100000,286.60000000,0.769
1749267108,0.74000000,2343.50000000,0.769
1749267108,0.73900000,878.50000000,0.769
1749267108,0.73800000,878.50000000,0.769
1749267108,0.73700000,899.00000000,0.769
1749267108,0.73600000,1942.20000000,0.769
1749267108,0.73500000,900.80000000,0.769
1749267108,0.73400000,887.70000000,0.769
1749267108,0.73300000,1024.90000000,0.769
1749267108,0.73200000,327.00000000,0.769
1749267108,0.73100000,13.50000000,0.769
1749267108,0.73000000,194.80000000,0.769
1749267108,0.72900000,13825.60000000,0.769
1749267108,0.72800000,30258.50000000,0.769
1749267108,0.72700000,143.80000000,0.769
1749267108,0.72600000,13.50000000,0.769
1749267108,0.72500000,326.20000000,0.769
1749267108,0.72400000,13.50000000,0.769
1749267108,0.72300000,13.50000000,0.769
1749267108,0.72200000,13.50000000,0.769
1749267108,0.72100000,27.40000000,0.769
1749267108,0.72000000,18362.10000000,0.769
1749267108,0.71900000,37.50000000,0.769
1749267108,0.71800000,165.60000000,0.769
1749267108,0.71700000,107.80000000,0.769
1749267108,0.71600000,334.00000000,0.769
1749267108,0.71500000,1507.80000000,0.769
1749267108,0.71400000,177.50000000,0.769
1749267108,0.71300000,13.50000000,0.769
1749267108,0.71200000,21.40000000,0.769
1749267108,0.71100000,73.90000000,0.769
1749267108,0.71000000,386.90000000,0.769
1749267108,0.70900000,386.50000000,0.769
1749267108,0.70800000,155.00000000,0.769
1749267108,0.70700000,47.60000000,0.769
1749267108,0.70600000,31.00000000,0.769
1749267108,0.70500000,580.70000000,0.769
1749267108,0.70400000,387.50000000,0.769
1749267108,0.70300000,28.80000000,0.769
1749267108,0.70200000,2167.80000000,0.769
1749267108,0.70100000,621.40000000,0.769
1749267108,0.70000000,46429.30000000,0.769
1749267108,0.69900000,3188.80000000,0.769
1749267108,0.69800000,454.00000000,0.769
1749267108,0.69700000,13.00000000,0.769
1749267108,0.69600000,857.50000000,0.769
1749267108,0.69500000,1215.10000000,0.769
1749267108,0.69400000,1120.40000000,0.769
1749267108,0.69300000,31.20000000,0.769
1749267108,0.69200000,228.90000000,0.769
1749267108,0.69100000,2233.40000000,0.769
1749267108,0.69000000,6814.10000000,0.769
1749267108,0.68900000,21.90000000,0.769
1749267108,0.68800000,3500.30000000,0.769
1749267108,0.68700000,177.40000000,0.769
1749267108,0.68600000,785.30000000,0.769
1749267108,0.68500000,1506.30000000,0.769
1749267108,0.68400000,16441.60000000,0.769
1749267108,0.68300000,14.70000000,0.769
1749267108,0.68200000,141.10000000,0.769
1749267108,0.68100000,121.50000000,0.769
1749267108,0.68000000,2750.20000000,0.769
1749267108,0.67900000,1504.20000000,0.769
1749267108,0.67800000,111.20000000,0.769
1749267108,0.67600000,201.60000000,0.769
1749267108,0.67500000,2565.00000000,0.769
1749267108,0.67400000,806.70000000,0.769
1749267108,0.67300000,191.40000000,0.769
1749267108,0.67200000,166.40000000,0.769
1749267108,0.67000000,1941.50000000,0.769
1749267108,0.66800000,56.50000000,0.769
1749267108,0.66700000,7.60000000,0.769
1749267108,0.66600000,62480.20000000,0.769
1749267410,0.77100000,1601.50000000,0.771
1749267410,0.77000000,25261.80000000,0.771
1749267410,0.76900000,45530.90000000,0.771
1749267410,0.76800000,41473.20000000,0.771
1749267410,0.76700000,16998.20000000,0.771
1749267410,0.76600000,8313.90000000,0.771
1749267410,0.76500000,9326.60000000,0.771
1749267410,0.76400000,6078.40000000,0.771
1749267410,0.76300000,2712.00000000,0.771
1749267410,0.76200000,6121.50000000,0.771
1749267410,0.76100000,1715.60000000,0.771
1749267410,0.76000000,2389.40000000,0.771
1749267410,0.75900000,3695.60000000,0.771
1749267410,0.75800000,911.90000000,0.771
1749267410,0.75700000,883.70000000,0.771
1749267410,0.75600000,913.50000000,0.771
1749267410,0.75500000,2846.70000000,0.771
1749267410,0.75400000,1057.90000000,0.771
1749267410,0.75300000,901.00000000,0.771
1749267410,0.75200000,893.50000000,0.771
1749267410,0.75100000,4530.30000000,0.771
1749267410,0.75000000,886.20000000,0.771
1749267410,0.74900000,838.40000000,0.771
1749267410,0.74800000,1339.80000000,0.771
1749267410,0.74700000,893.60000000,0.771
1749267410,0.74600000,878.40000000,0.771
1749267410,0.74500000,2673.00000000,0.771
1749267410,0.74400000,885.70000000,0.771
1749267410,0.74300000,878.40000000,0.771
1749267410,0.74200000,1707.60000000,0.771
1749267410,0.74100000,286.60000000,0.771
1749267410,0.74000000,2343.50000000,0.771
1749267410,0.73900000,878.50000000,0.771
1749267410,0.73800000,878.50000000,0.771
1749267410,0.73700000,899.00000000,0.771
1749267410,0.73600000,1942.20000000,0.771
1749267410,0.73500000,900.80000000,0.771
1749267410,0.73400000,887.70000000,0.771
1749267410,0.73300000,1024.90000000,0.771
1749267410,0.73200000,327.00000000,0.771
1749267410,0.73100000,13.50000000,0.771
1749267410,0.73000000,268.90000000,0.771
1749267410,0.72900000,13825.60000000,0.771
1749267410,0.72800000,30258.50000000,0.771
1749267410,0.72700000,143.80000000,0.771
1749267410,0.72600000,13.50000000,0.771
1749267410,0.72500000,326.20000000,0.771
1749267410,0.72400000,13.50000000,0.771
1749267410,0.72300000,13.50000000,0.771
1749267410,0.72200000,13.50000000,0.771
1749267410,0.72100000,38.10000000,0.771
1749267410,0.72000000,18362.10000000,0.771
1749267410,0.71900000,37.50000000,0.771
1749267410,0.71800000,165.60000000,0.771
1749267410,0.71700000,107.80000000,0.771
1749267410,0.71600000,334.00000000,0.771
1749267410,0.71500000,1507.80000000,0.771
1749267410,0.71400000,177.50000000,0.771
1749267410,0.71300000,13.50000000,0.771
1749267410,0.71200000,21.40000000,0.771
1749267410,0.71100000,73.90000000,0.771
1749267410,0.71000000,386.90000000,0.771
1749267410,0.70900000,386.50000000,0.771
1749267410,0.70800000,155.00000000,0.771
1749267410,0.70700000,47.60000000,0.771
1749267410,0.70600000,31.00000000,0.771
1749267410,0.70500000,580.70000000,0.771
1749267410,0.70400000,387.50000000,0.771
1749267410,0.70300000,28.80000000,0.771
1749267410,0.70200000,2167.80000000,0.771
1749267410,0.70100000,621.40000000,0.771
1749267410,0.70000000,46429.30000000,0.771
1749267410,0.69900000,3188.80000000,0.771
1749267410,0.69800000,441.00000000,0.771
1749267410,0.69600000,844.40000000,0.771
1749267410,0.69500000,1215.10000000,0.771
1749267410,0.69400000,1120.40000000,0.771
1749267410,0.69300000,31.20000000,0.771
1749267410,0.69200000,228.90000000,0.771
1749267410,0.69100000,2233.40000000,0.771
1749267410,0.69000000,6814.10000000,0.771
1749267410,0.68900000,21.90000000,0.771
1749267410,0.68800000,3500.30000000,0.771
1749267410,0.68700000,177.40000000,0.771
1749267410,0.68600000,785.30000000,0.771
1749267410,0.68500000,1506.30000000,0.771
1749267410,0.68400000,16441.60000000,0.771
1749267410,0.68300000,14.70000000,0.771
1749267410,0.68200000,141.10000000,0.771
1749267410,0.68100000,121.50000000,0.771
1749267410,0.68000000,2750.20000000,0.771
1749267410,0.67900000,1504.20000000,0.771
1749267410,0.67800000,111.20000000,0.771
1749267410,0.67600000,201.60000000,0.771
1749267410,0.67500000,2565.00000000,0.771
1749267410,0.67400000,806.70000000,0.771
1749267410,0.67300000,191.40000000,0.771
1749267410,0.67200000,166.40000000,0.771
1749267410,0.67000000,1941.50000000,0.771
1749267410,0.66800000,56.50000000,0.771
1749267711,0.77100000,1342.50000000,0.771
1749267711,0.77000000,37602.20000000,0.771
1749267711,0.76900000,46876.80000000,0.771
1749267711,0.76800000,35264.30000000,0.771
1749267711,0.76700000,12880.70000000,0.771
1749267711,0.76600000,9792.10000000,0.771
1749267711,0.76500000,9326.60000000,0.771
1749267711,0.76400000,6078.40000000,0.771
1749267711,0.76300000,3815.40000000,0.771
1749267711,0.76200000,7137.10000000,0.771
1749267711,0.76100000,3215.00000000,0.771
1749267711,0.76000000,2389.40000000,0.771
1749267711,0.75900000,2192.30000000,0.771
1749267711,0.75800000,911.90000000,0.771
1749267711,0.75700000,246.80000000,0.771
1749267711,0.75600000,1551.20000000,0.771
1749267711,0.75500000,4505.20000000,0.771
1749267711,0.75400000,1057.90000000,0.771
1749267711,0.75300000,901.00000000,0.771
1749267711,0.75200000,893.50000000,0.771
1749267711,0.75100000,4530.30000000,0.771
1749267711,0.75000000,886.20000000,0.771
1749267711,0.74900000,838.40000000,0.771
1749267711,0.74800000,1339.80000000,0.771
1749267711,0.74700000,893.60000000,0.771
1749267711,0.74600000,878.40000000,0.771
1749267711,0.74500000,2673.00000000,0.771
1749267711,0.74400000,885.70000000,0.771
1749267711,0.74300000,1620.00000000,0.771
1749267711,0.74200000,965.00000000,0.771
1749267711,0.74100000,286.60000000,0.771
1749267711,0.74000000,2343.50000000,0.771
1749267711,0.73900000,878.50000000,0.771
1749267711,0.73800000,878.50000000,0.771
1749267711,0.73700000,899.00000000,0.771
1749267711,0.73600000,1942.20000000,0.771
1749267711,0.73500000,900.80000000,0.771
1749267711,0.73400000,887.70000000,0.771
1749267711,0.73300000,1024.90000000,0.771
1749267711,0.73200000,327.00000000,0.771
1749267711,0.73100000,13.50000000,0.771
1749267711,0.73000000,262.50000000,0.771
1749267711,0.72900000,13825.60000000,0.771
1749267711,0.72800000,30258.50000000,0.771
1749267711,0.72700000,143.80000000,0.771
1749267711,0.72600000,13.50000000,0.771
1749267711,0.72500000,326.20000000,0.771
1749267711,0.72400000,13.50000000,0.771
1749267711,0.72300000,13.50000000,0.771
1749267711,0.72200000,13.50000000,0.771
1749267711,0.72100000,27.40000000,0.771
1749267711,0.72000000,18362.10000000,0.771
1749267711,0.71900000,37.50000000,0.771
1749267711,0.71800000,165.60000000,0.771
1749267711,0.71700000,107.80000000,0.771
1749267711,0.71600000,334.00000000,0.771
1749267711,0.71500000,1507.80000000,0.771
1749267711,0.71400000,177.50000000,0.771
1749267711,0.71300000,13.50000000,0.771
1749267711,0.71200000,21.40000000,0.771
1749267711,0.71100000,73.90000000,0.771
1749267711,0.71000000,689.50000000,0.771
1749267711,0.70900000,386.50000000,0.771
1749267711,0.70800000,155.00000000,0.771
1749267711,0.70700000,47.60000000,0.771
1749267711,0.70600000,31.00000000,0.771
1749267711,0.70500000,74.20000000,0.771
1749267711,0.70400000,387.50000000,0.771
1749267711,0.70300000,28.80000000,0.771
1749267711,0.70200000,2167.80000000,0.771
