timestamp,price,volume,current_price
1749254551,0.73900000,12158.30000000,0.74
1749254551,0.73800000,50460.30000000,0.74
1749254551,0.73700000,31684.80000000,0.74
1749254551,0.73600000,16612.80000000,0.74
1749254551,0.73500000,11376.10000000,0.74
1749254551,0.73400000,10479.00000000,0.74
1749254551,0.73300000,3043.60000000,0.74
1749254551,0.73200000,5636.10000000,0.74
1749254551,0.73100000,3441.10000000,0.74
1749254551,0.73000000,2689.10000000,0.74
1749254551,0.72900000,2386.20000000,0.74
1749254551,0.72800000,904.10000000,0.74
1749254551,0.72700000,1059.50000000,0.74
1749254551,0.72600000,888.90000000,0.74
1749254551,0.72500000,1063.70000000,0.74
1749254551,0.72400000,23.70000000,0.74
1749254551,0.72300000,1621.60000000,0.74
1749254551,0.72200000,878.70000000,0.74
1749254551,0.72100000,14762.20000000,0.74
1749254551,0.72000000,21354.20000000,0.74
1749254551,0.71900000,886.20000000,0.74
1749254551,0.71800000,891.60000000,0.74
1749254551,0.71700000,973.00000000,0.74
1749254551,0.71600000,1199.20000000,0.74
1749254551,0.71500000,2373.00000000,0.74
1749254551,0.71400000,1032.50000000,0.74
1749254551,0.71300000,13.50000000,0.74
1749254551,0.71200000,1016.80000000,0.74
1749254551,0.71100000,234.70000000,0.74
1749254551,0.71000000,956.00000000,0.74
1749254551,0.70900000,1241.50000000,0.74
1749254551,0.70800000,1716.20000000,0.74
1749254551,0.70700000,47.60000000,0.74
1749254551,0.70600000,31.00000000,0.74
1749254551,0.70500000,1577.50000000,0.74
1749254551,0.70400000,1242.50000000,0.74
1749254551,0.70300000,43.10000000,0.74
1749254551,0.70200000,2025.40000000,0.74
1749254551,0.70100000,621.40000000,0.74
1749254551,0.70000000,47851.10000000,0.74
1749254551,0.69900000,3189.30000000,0.74
1749254551,0.69800000,454.50000000,0.74
1749254551,0.69700000,156.90000000,0.74
1749254551,0.69600000,857.90000000,0.74
1749254551,0.69500000,13.50000000,0.74
1749254551,0.69400000,1102.30000000,0.74
1749254551,0.69300000,44.70000000,0.74
1749254551,0.69200000,227.90000000,0.74
1749254551,0.69100000,2246.90000000,0.74
1749254551,0.69000000,7035.90000000,0.74
1749254551,0.68900000,180.50000000,0.74
1749254551,0.68800000,3513.80000000,0.74
1749254551,0.68700000,45.40000000,0.74
1749254551,0.68600000,807.40000000,0.74
1749254551,0.68500000,398.30000000,0.74
1749254551,0.68400000,16455.10000000,0.74
1749254551,0.68300000,28.20000000,0.74
1749254551,0.68200000,301.20000000,0.74
1749254551,0.68100000,135.00000000,0.74
1749254551,0.68000000,3437.90000000,0.74
1749254551,0.67900000,1517.70000000,0.74
1749254551,0.67800000,124.70000000,0.74
1749254551,0.67700000,13.50000000,0.74
1749254551,0.67600000,215.10000000,0.74
1749254551,0.67500000,2578.50000000,0.74
1749254551,0.67400000,968.50000000,0.74
1749254551,0.67300000,204.90000000,0.74
1749254551,0.67200000,31.10000000,0.74
1749254551,0.67100000,13.50000000,0.74
1749254551,0.67000000,1965.30000000,0.74
1749254551,0.66900000,21.00000000,0.74
1749254551,0.66800000,70.00000000,0.74
1749254551,0.66700000,171.10000000,0.74
1749254551,0.66600000,62513.00000000,0.74
1749254551,0.66500000,953.70000000,0.74
1749254551,0.66300000,175.40000000,0.74
1749254551,0.66200000,7.90000000,0.74
1749254551,0.66100000,12726.90000000,0.74
1749254551,0.66000000,114459.20000000,0.74
1749254551,0.65900000,9534.00000000,0.74
1749254551,0.65800000,2705.50000000,0.74
1749254551,0.65600000,68.20000000,0.74
1749254551,0.65500000,1142.30000000,0.74
1749254551,0.65400000,639.30000000,0.74
1749254551,0.65300000,33.70000000,0.74
1749254551,0.65200000,153.30000000,0.74
1749254551,0.65100000,815.10000000,0.74
1749254551,0.65000000,113076.90000000,0.74
1749254551,0.64900000,670.20000000,0.74
1749254551,0.64800000,1093.80000000,0.74
1749254551,0.64600000,10.80000000,0.74
1749254551,0.64500000,196.20000000,0.74
1749254551,0.64400000,155.20000000,0.74
1749254551,0.64300000,236.20000000,0.74
1749254551,0.64200000,9.20000000,0.74
1749254551,0.64100000,340.60000000,0.74
1749254551,0.64000000,1910.90000000,0.74
1749254551,0.63900000,17.20000000,0.74
1749254551,0.63800000,15.30000000,0.74
1749254551,0.63700000,12.70000000,0.74
1749254852,0.74000000,2183.10000000,0.74
1749254852,0.73900000,57527.50000000,0.74
1749254852,0.73800000,44969.10000000,0.74
1749254852,0.73700000,17087.30000000,0.74
1749254852,0.73600000,12878.10000000,0.74
1749254852,0.73500000,11376.40000000,0.74
1749254852,0.73400000,8561.60000000,0.74
1749254852,0.73300000,3009.90000000,0.74
1749254852,0.73200000,6180.80000000,0.74
1749254852,0.73100000,3407.40000000,0.74
1749254852,0.73000000,2655.30000000,0.74
1749254852,0.72900000,3335.60000000,0.74
1749254852,0.72800000,904.10000000,0.74
1749254852,0.72700000,1059.50000000,0.74
1749254852,0.72600000,888.90000000,0.74
1749254852,0.72500000,1063.70000000,0.74
1749254852,0.72400000,23.70000000,0.74
1749254852,0.72300000,1621.60000000,0.74
1749254852,0.72200000,911.00000000,0.74
1749254852,0.72100000,14762.20000000,0.74
1749254852,0.72000000,21354.20000000,0.74
1749254852,0.71900000,886.20000000,0.74
1749254852,0.71800000,891.60000000,0.74
1749254852,0.71700000,973.00000000,0.74
1749254852,0.71600000,1199.20000000,0.74
1749254852,0.71500000,2373.00000000,0.74
1749254852,0.71400000,1032.50000000,0.74
1749254852,0.71300000,13.50000000,0.74
1749254852,0.71200000,1016.80000000,0.74
1749254852,0.71100000,234.70000000,0.74
1749254852,0.71000000,956.00000000,0.74
1749254852,0.70900000,1241.50000000,0.74
1749254852,0.70800000,1716.20000000,0.74
1749254852,0.70700000,47.60000000,0.74
1749254852,0.70600000,31.00000000,0.74
1749254852,0.70500000,1577.50000000,0.74
1749254852,0.70400000,387.50000000,0.74
1749254852,0.70300000,43.10000000,0.74
1749254852,0.70200000,2025.40000000,0.74
1749254852,0.70100000,621.40000000,0.74
1749254852,0.70000000,47851.10000000,0.74
1749254852,0.69900000,3189.30000000,0.74
1749254852,0.69800000,454.50000000,0.74
1749254852,0.69700000,156.90000000,0.74
1749254852,0.69600000,857.90000000,0.74
1749254852,0.69500000,13.50000000,0.74
1749254852,0.69400000,1102.30000000,0.74
1749254852,0.69300000,44.70000000,0.74
1749254852,0.69200000,227.90000000,0.74
1749254852,0.69100000,2246.90000000,0.74
1749254852,0.69000000,7035.90000000,0.74
1749254852,0.68900000,180.50000000,0.74
1749254852,0.68800000,3513.80000000,0.74
1749254852,0.68700000,45.40000000,0.74
1749254852,0.68600000,807.40000000,0.74
1749254852,0.68500000,398.30000000,0.74
1749254852,0.68400000,16455.10000000,0.74
1749254852,0.68300000,28.20000000,0.74
1749254852,0.68200000,301.20000000,0.74
1749254852,0.68100000,135.00000000,0.74
1749254852,0.68000000,3437.90000000,0.74
1749254852,0.67900000,1517.70000000,0.74
1749254852,0.67800000,124.70000000,0.74
1749254852,0.67700000,13.50000000,0.74
1749254852,0.67600000,215.10000000,0.74
1749254852,0.67500000,2578.50000000,0.74
1749254852,0.67400000,968.50000000,0.74
1749254852,0.67300000,204.90000000,0.74
1749254852,0.67200000,31.10000000,0.74
1749254852,0.67100000,13.50000000,0.74
1749254852,0.67000000,1965.30000000,0.74
1749254852,0.66900000,21.00000000,0.74
1749254852,0.66800000,70.00000000,0.74
1749254852,0.66700000,157.50000000,0.74
1749254852,0.66600000,62513.00000000,0.74
1749254852,0.66500000,953.70000000,0.74
1749254852,0.66300000,175.40000000,0.74
1749254852,0.66200000,7.90000000,0.74
1749254852,0.66100000,12726.90000000,0.74
1749254852,0.66000000,114459.20000000,0.74
1749254852,0.65900000,9534.00000000,0.74
1749254852,0.65800000,2705.50000000,0.74
1749254852,0.65600000,68.20000000,0.74
1749254852,0.65500000,1142.30000000,0.74
1749254852,0.65400000,639.30000000,0.74
1749254852,0.65300000,33.70000000,0.74
1749254852,0.65200000,153.30000000,0.74
1749254852,0.65100000,815.10000000,0.74
1749254852,0.65000000,113076.90000000,0.74
1749254852,0.64900000,670.20000000,0.74
1749254852,0.64800000,1093.80000000,0.74
1749254852,0.64600000,10.80000000,0.74
1749254852,0.64500000,196.20000000,0.74
1749254852,0.64400000,155.20000000,0.74
1749254852,0.64300000,236.20000000,0.74
1749254852,0.64200000,9.20000000,0.74
1749254852,0.64100000,340.60000000,0.74
1749254852,0.64000000,1910.90000000,0.74
1749254852,0.63900000,17.20000000,0.74
1749254852,0.63800000,15.30000000,0.74
