timestamp,price,volume,current_price
1749258286,1.99000000,5262.00000000,1.991
1749258286,1.98900000,9476.88000000,1.991
1749258286,1.98800000,22314.36000000,1.991
1749258286,1.98700000,24142.59000000,1.991
1749258286,1.98600000,20143.54000000,1.991
1749258286,1.98500000,6043.77000000,1.991
1749258286,1.98400000,3284.24000000,1.991
1749258286,1.98300000,7694.90000000,1.991
1749258286,1.98200000,36919.53000000,1.991
1749258286,1.98100000,8095.27000000,1.991
1749258286,1.98000000,3573.79000000,1.991
1749258286,1.97900000,8422.99000000,1.991
1749258286,1.97800000,2028.35000000,1.991
1749258286,1.97700000,833.22000000,1.991
1749258286,1.97600000,1890.86000000,1.991
1749258286,1.97500000,6518.29000000,1.991
1749258286,1.97400000,9469.21000000,1.991
1749258286,1.97300000,1080.43000000,1.991
1749258286,1.97200000,7666.94000000,1.991
1749258286,1.97100000,1006.69000000,1.991
1749258286,1.97000000,5927.24000000,1.991
1749258286,1.96900000,1722.29000000,1.991
1749258286,1.96800000,2712.26000000,1.991
1749258286,1.96700000,410.56000000,1.991
1749258286,1.96600000,2214.61000000,1.991
1749258286,1.96500000,404.91000000,1.991
1749258286,1.96400000,2086.19000000,1.991
1749258286,1.96300000,748.16000000,1.991
1749258286,1.96200000,1821.13000000,1.991
1749258286,1.96100000,3858.60000000,1.991
1749258286,1.96000000,3656.74000000,1.991
1749258286,1.95900000,470.63000000,1.991
1749258286,1.95800000,3701.76000000,1.991
1749258286,1.95700000,404.94000000,1.991
1749258286,1.95600000,2409.45000000,1.991
1749258286,1.95500000,1848.02000000,1.991
1749258286,1.95400000,998.62000000,1.991
1749258286,1.95300000,42167.75000000,1.991
1749258286,1.95200000,688.50000000,1.991
1749258286,1.95100000,43394.90000000,1.991
1749258286,1.95000000,1167.87000000,1.991
1749258286,1.94900000,75.80000000,1.991
1749258286,1.94800000,641.23000000,1.991
1749258286,1.94700000,56.48000000,1.991
1749258286,1.94600000,634.57000000,1.991
1749258286,1.94500000,47.00000000,1.991
1749258286,1.94400000,685.49000000,1.991
1749258286,1.94300000,13.53000000,1.991
1749258286,1.94200000,2989.92000000,1.991
1749258286,1.94100000,5.15000000,1.991
1749258286,1.94000000,1444.18000000,1.991
1749258286,1.93900000,9.00000000,1.991
1749258286,1.93800000,650.06000000,1.991
1749258286,1.93700000,10.46000000,1.991
1749258286,1.93600000,646.06000000,1.991
1749258286,1.93500000,24.51000000,1.991
1749258286,1.93400000,5.17000000,1.991
1749258286,1.93300000,1367.88000000,1.991
1749258286,1.93200000,13.75000000,1.991
1749258286,1.93100000,14.05000000,1.991
1749258286,1.93000000,287.01000000,1.991
1749258286,1.92900000,14.92000000,1.991
1749258286,1.92800000,25.83000000,1.991
1749258286,1.92700000,5.14000000,1.991
1749258286,1.92600000,5.14000000,1.991
1749258286,1.92500000,5.14000000,1.991
1749258286,1.92400000,5.14000000,1.991
1749258286,1.92300000,20.91000000,1.991
1749258286,1.92200000,69.93000000,1.991
1749258286,1.92100000,8.26000000,1.991
1749258286,1.92000000,1835.37000000,1.991
1749258286,1.91900000,120.22000000,1.991
1749258286,1.91800000,212.54000000,1.991
1749258286,1.91700000,5.02000000,1.991
1749258286,1.91600000,73.30000000,1.991
1749258286,1.91500000,10.41000000,1.991
1749258286,1.91200000,3.66000000,1.991
1749258286,1.91100000,65.92000000,1.991
1749258286,1.91000000,282.15000000,1.991
1749258286,1.90900000,6.28000000,1.991
1749258286,1.90800000,5.83000000,1.991
1749258286,1.90700000,532.57000000,1.991
1749258286,1.90600000,5.74000000,1.991
1749258286,1.90500000,7.12000000,1.991
1749258286,1.90400000,5.79000000,1.991
1749258286,1.90200000,8.02000000,1.991
1749258286,1.90100000,148.22000000,1.991
1749258286,1.90000000,14623.45000000,1.991
1749258286,1.89800000,110.76000000,1.991
1749258286,1.89600000,692.29000000,1.991
1749258286,1.89500000,295.74000000,1.991
1749258286,1.89400000,758.70000000,1.991
1749258286,1.89200000,51.56000000,1.991
1749258286,1.89100000,76.09000000,1.991
1749258286,1.89000000,7794.20000000,1.991
1749258286,1.88900000,3557.17000000,1.991
1749258286,1.88800000,598.83000000,1.991
1749258286,1.88700000,34.83000000,1.991
1749258286,1.88500000,11.45000000,1.991
1749258286,1.88400000,26.53000000,1.991
1749258590,1.99200000,1934.36000000,1.993
1749258590,1.99100000,14957.21000000,1.993
1749258590,1.99000000,29661.56000000,1.993
1749258590,1.98900000,18944.08000000,1.993
1749258590,1.98800000,12385.02000000,1.993
1749258590,1.98700000,5287.64000000,1.993
1749258590,1.98600000,7234.73000000,1.993
1749258590,1.98500000,2390.30000000,1.993
1749258590,1.98400000,4006.25000000,1.993
1749258590,1.98300000,11036.98000000,1.993
1749258590,1.98200000,27890.84000000,1.993
1749258590,1.98100000,2202.30000000,1.993
1749258590,1.98000000,12996.79000000,1.993
1749258590,1.97900000,727.01000000,1.993
1749258590,1.97800000,3967.39000000,1.993
1749258590,1.97700000,833.22000000,1.993
1749258590,1.97600000,4281.40000000,1.993
1749258590,1.97500000,5228.56000000,1.993
1749258590,1.97400000,7387.20000000,1.993
1749258590,1.97300000,4931.03000000,1.993
1749258590,1.97200000,3438.54000000,1.993
1749258590,1.97100000,1009.63000000,1.993
1749258590,1.97000000,3500.38000000,1.993
1749258590,1.96900000,4026.07000000,1.993
1749258590,1.96800000,2567.99000000,1.993
1749258590,1.96700000,410.56000000,1.993
1749258590,1.96600000,2214.61000000,1.993
1749258590,1.96500000,404.91000000,1.993
1749258590,1.96400000,5282.39000000,1.993
1749258590,1.96300000,813.72000000,1.993
1749258590,1.96200000,1821.13000000,1.993
1749258590,1.96100000,404.93000000,1.993
1749258590,1.96000000,3656.74000000,1.993
1749258590,1.95900000,404.94000000,1.993
1749258590,1.95800000,3701.76000000,1.993
1749258590,1.95700000,404.94000000,1.993
1749258590,1.95600000,1130.46000000,1.993
1749258590,1.95500000,1721.43000000,1.993
1749258590,1.95400000,598.78000000,1.993
1749258590,1.95300000,41771.75000000,1.993
1749258590,1.95200000,637.37000000,1.993
1749258590,1.95100000,43394.90000000,1.993
1749258590,1.95000000,1167.87000000,1.993
1749258590,1.94900000,1404.11000000,1.993
1749258590,1.94800000,638.40000000,1.993
1749258590,1.94700000,5.14000000,1.993
1749258590,1.94600000,634.57000000,1.993
1749258590,1.94500000,47.00000000,1.993
1749258590,1.94400000,685.49000000,1.993
1749258590,1.94300000,13.53000000,1.993
1749258590,1.94200000,1613.41000000,1.993
1749258590,1.94100000,5.15000000,1.993
1749258590,1.94000000,1444.18000000,1.993
1749258590,1.93900000,9.00000000,1.993
1749258590,1.93800000,650.06000000,1.993
1749258590,1.93700000,10.46000000,1.993
1749258590,1.93600000,16.63000000,1.993
1749258590,1.93500000,24.51000000,1.993
1749258590,1.93400000,1340.24000000,1.993
1749258590,1.93300000,5.18000000,1.993
1749258590,1.93200000,13.75000000,1.993
1749258590,1.93100000,121.58000000,1.993
1749258590,1.93000000,481.00000000,1.993
1749258590,1.92900000,12.09000000,1.993
1749258590,1.92800000,25.83000000,1.993
1749258590,1.92700000,11.25000000,1.993
1749258590,1.92600000,5.14000000,1.993
1749258590,1.92500000,5.14000000,1.993
1749258590,1.92400000,5.14000000,1.993
1749258590,1.92300000,20.91000000,1.993
1749258590,1.92200000,69.93000000,1.993
1749258590,1.92100000,8.13000000,1.993
1749258590,1.92000000,2516.86000000,1.993
1749258590,1.91900000,11.90000000,1.993
1749258590,1.91800000,17.56000000,1.993
1749258590,1.91700000,5.02000000,1.993
1749258590,1.91600000,68.28000000,1.993
1749258590,1.91500000,5.39000000,1.993
1749258590,1.91200000,3.66000000,1.993
1749258590,1.91100000,65.92000000,1.993
1749258590,1.91000000,282.15000000,1.993
1749258590,1.90900000,6.28000000,1.993
1749258590,1.90800000,5.83000000,1.993
1749258590,1.90700000,532.57000000,1.993
1749258590,1.90600000,5.74000000,1.993
1749258590,1.90500000,7.12000000,1.993
1749258590,1.90400000,5.79000000,1.993
1749258590,1.90200000,8.02000000,1.993
1749258590,1.90100000,148.22000000,1.993
1749258590,1.90000000,14623.45000000,1.993
1749258590,1.89800000,110.76000000,1.993
1749258590,1.89600000,9.03000000,1.993
1749258590,1.89500000,295.74000000,1.993
1749258590,1.89400000,758.70000000,1.993
1749258590,1.89200000,51.56000000,1.993
1749258590,1.89100000,76.09000000,1.993
1749258590,1.89000000,7794.20000000,1.993
1749258590,1.88900000,3557.17000000,1.993
1749258590,1.88800000,598.83000000,1.993
1749258590,1.88700000,34.83000000,1.993
1749258915,1.99200000,996.41000000,1.992
1749258915,1.99100000,8626.75000000,1.992
1749258915,1.99000000,13513.66000000,1.992
1749258915,1.98900000,18790.16000000,1.992
1749258915,1.98800000,17225.08000000,1.992
1749258915,1.98700000,13556.13000000,1.992
1749258915,1.98600000,9550.24000000,1.992
1749258915,1.98500000,2640.07000000,1.992
1749258915,1.98400000,9902.72000000,1.992
1749258915,1.98300000,2119.14000000,1.992
1749258915,1.98200000,33790.72000000,1.992
1749258915,1.98100000,8544.00000000,1.992
1749258915,1.98000000,7712.15000000,1.992
1749258915,1.97900000,1638.30000000,1.992
1749258915,1.97800000,5613.59000000,1.992
1749258915,1.97700000,734.00000000,1.992
1749258915,1.97600000,1874.42000000,1.992
1749258915,1.97500000,10596.12000000,1.992
1749258915,1.97400000,1833.64000000,1.992
1749258915,1.97300000,4880.42000000,1.992
1749258915,1.97200000,3438.54000000,1.992
1749258915,1.97100000,1022.19000000,1.992
1749258915,1.97000000,3549.62000000,1.992
1749258915,1.96900000,4026.07000000,1.992
1749258915,1.96800000,2630.50000000,1.992
1749258915,1.96700000,475.98000000,1.992
1749258915,1.96600000,2214.61000000,1.992
1749258915,1.96500000,3804.11000000,1.992
1749258915,1.96400000,1823.93000000,1.992
1749258915,1.96300000,748.16000000,1.992
1749258915,1.96200000,1833.68000000,1.992
1749258915,1.96100000,404.93000000,1.992
1749258915,1.96000000,3656.74000000,1.992
1749258915,1.95900000,404.94000000,1.992
1749258915,1.95800000,3701.76000000,1.992
1749258915,1.95700000,404.94000000,1.992
1749258915,1.95600000,1007.78000000,1.992
1749258915,1.95500000,6812.68000000,1.992
1749258915,1.95400000,994.78000000,1.992
1749258915,1.95300000,41771.75000000,1.992
1749258915,1.95200000,637.37000000,1.992
1749258915,1.95100000,43394.90000000,1.992
1749258915,1.95000000,2541.10000000,1.992
1749258915,1.94900000,13.53000000,1.992
1749258915,1.94800000,638.40000000,1.992
1749258915,1.94700000,5.14000000,1.992
1749258915,1.94600000,634.57000000,1.992
1749258915,1.94500000,198.04000000,1.992
1749258915,1.94400000,685.49000000,1.992
1749258915,1.94300000,13.53000000,1.992
1749258915,1.94200000,1613.41000000,1.992
1749258915,1.94100000,5.15000000,1.992
1749258915,1.94000000,1293.14000000,1.992
1749258915,1.93900000,9.00000000,1.992
1749258915,1.93800000,650.06000000,1.992
1749258915,1.93700000,10.46000000,1.992
1749258915,1.93600000,16.63000000,1.992
1749258915,1.93500000,1415.11000000,1.992
1749258915,1.93400000,5.17000000,1.992
1749258915,1.93300000,5.18000000,1.992
1749258915,1.93200000,13.75000000,1.992
1749258915,1.93100000,121.58000000,1.992
1749258915,1.93000000,481.00000000,1.992
1749258915,1.92900000,12.09000000,1.992
1749258915,1.92800000,25.83000000,1.992
1749258915,1.92700000,11.25000000,1.992
1749258915,1.92600000,5.14000000,1.992
1749258915,1.92500000,5.14000000,1.992
1749258915,1.92400000,5.14000000,1.992
1749258915,1.92300000,20.91000000,1.992
1749258915,1.92200000,69.93000000,1.992
1749258915,1.92100000,8.13000000,1.992
1749258915,1.92000000,2537.79000000,1.992
1749258915,1.91900000,11.90000000,1.992
1749258915,1.91800000,17.56000000,1.992
1749258915,1.91700000,5.02000000,1.992
1749258915,1.91600000,68.28000000,1.992
1749258915,1.91500000,5.39000000,1.992
1749258915,1.91200000,3.66000000,1.992
1749258915,1.91100000,65.92000000,1.992
1749258915,1.91000000,282.15000000,1.992
1749258915,1.90900000,6.28000000,1.992
1749258915,1.90800000,5.83000000,1.992
1749258915,1.90700000,532.57000000,1.992
1749258915,1.90600000,5.74000000,1.992
1749258915,1.90500000,7.12000000,1.992
1749258915,1.90400000,5.79000000,1.992
1749258915,1.90200000,8.02000000,1.992
1749258915,1.90100000,374.43000000,1.992
1749258915,1.90000000,15548.15000000,1.992
1749258915,1.89800000,110.76000000,1.992
1749258915,1.89600000,9.03000000,1.992
1749258915,1.89500000,295.74000000,1.992
1749258915,1.89400000,758.70000000,1.992
1749258915,1.89200000,51.56000000,1.992
1749258915,1.89100000,76.09000000,1.992
1749258915,1.89000000,7794.20000000,1.992
1749258915,1.88900000,3557.17000000,1.992
1749258915,1.88800000,598.83000000,1.992
1749258915,1.88700000,34.83000000,1.992
1749259216,1.98700000,5673.78000000,1.988
1749259216,1.98600000,8557.51000000,1.988
1749259216,1.98500000,19334.71000000,1.988
1749259216,1.98400000,21053.45000000,1.988
1749259216,1.98300000,8086.59000000,1.988
1749259216,1.98200000,4877.69000000,1.988
1749259216,1.98100000,5608.36000000,1.988
1749259216,1.98000000,8719.95000000,1.988
1749259216,1.97900000,2120.19000000,1.988
1749259216,1.97800000,10110.10000000,1.988
1749259216,1.97700000,2115.81000000,1.988
1749259216,1.97600000,7377.75000000,1.988
1749259216,1.97500000,924.65000000,1.988
1749259216,1.97400000,8626.43000000,1.988
1749259216,1.97300000,4782.29000000,1.988
1749259216,1.97200000,6016.82000000,1.988
1749259216,1.97100000,1738.40000000,1.988
1749259216,1.97000000,10072.27000000,1.988
1749259216,1.96900000,1751.43000000,1.988
1749259216,1.96800000,5292.97000000,1.988
1749259216,1.96700000,4637.36000000,1.988
1749259216,1.96600000,2214.61000000,1.988
1749259216,1.96500000,1608.46000000,1.988
1749259216,1.96400000,1823.93000000,1.988
1749259216,1.96300000,1075.97000000,1.988
1749259216,1.96200000,1833.68000000,1.988
1749259216,1.96100000,667.19000000,1.988
1749259216,1.96000000,6083.37000000,1.988
1749259216,1.95900000,417.49000000,1.988
1749259216,1.95800000,3701.76000000,1.988
1749259216,1.95700000,4301.67000000,1.988
1749259216,1.95600000,1007.78000000,1.988
1749259216,1.95500000,529.56000000,1.988
1749259216,1.95400000,979.43000000,1.988
1749259216,1.95300000,42167.75000000,1.988
1749259216,1.95200000,1033.37000000,1.988
1749259216,1.95100000,43815.62000000,1.988
1749259216,1.95000000,2937.10000000,1.988
1749259216,1.94900000,13.53000000,1.988
1749259216,1.94800000,1037.23000000,1.988
1749259216,1.94700000,1706.54000000,1.988
1749259216,1.94600000,649.98000000,1.988
1749259216,1.94500000,47.00000000,1.988
1749259216,1.94400000,688.32000000,1.988
1749259216,1.94300000,13.53000000,1.988
1749259216,1.94200000,1613.41000000,1.988
1749259216,1.94100000,5.15000000,1.988
1749259216,1.94000000,1293.14000000,1.988
1749259216,1.93900000,9.00000000,1.988
1749259216,1.93800000,650.06000000,1.988
1749259216,1.93700000,10.46000000,1.988
1749259216,1.93600000,16.63000000,1.988
1749259216,1.93500000,1551.98000000,1.988
1749259216,1.93400000,5.17000000,1.988
1749259216,1.93300000,5.18000000,1.988
1749259216,1.93200000,13.75000000,1.988
1749259216,1.93100000,121.58000000,1.988
1749259216,1.93000000,481.00000000,1.988
1749259216,1.92900000,12.09000000,1.988
1749259216,1.92800000,25.83000000,1.988
1749259216,1.92700000,11.25000000,1.988
1749259216,1.92600000,5.14000000,1.988
1749259216,1.92500000,5.14000000,1.988
1749259216,1.92400000,5.14000000,1.988
1749259216,1.92300000,20.91000000,1.988
1749259216,1.92200000,69.93000000,1.988
1749259216,1.92100000,8.13000000,1.988
1749259216,1.92000000,2537.79000000,1.988
1749259216,1.91900000,11.90000000,1.988
1749259216,1.91800000,17.56000000,1.988
1749259216,1.91700000,5.02000000,1.988
1749259216,1.91600000,224.34000000,1.988
1749259216,1.91500000,10.41000000,1.988
1749259216,1.91400000,5.03000000,1.988
1749259216,1.91300000,5.03000000,1.988
1749259216,1.91200000,8.69000000,1.988
1749259216,1.91100000,65.92000000,1.988
1749259216,1.91000000,282.15000000,1.988
1749259216,1.90900000,6.28000000,1.988
1749259216,1.90800000,5.83000000,1.988
1749259216,1.90700000,532.57000000,1.988
1749259216,1.90600000,5.74000000,1.988
1749259216,1.90500000,7.12000000,1.988
1749259216,1.90400000,5.79000000,1.988
1749259216,1.90200000,8.02000000,1.988
1749259216,1.90100000,374.43000000,1.988
1749259216,1.90000000,15548.15000000,1.988
1749259216,1.89800000,110.76000000,1.988
1749259216,1.89600000,9.03000000,1.988
1749259216,1.89500000,295.74000000,1.988
1749259216,1.89400000,758.70000000,1.988
1749259216,1.89200000,51.56000000,1.988
1749259216,1.89100000,76.09000000,1.988
1749259216,1.89000000,7794.20000000,1.988
1749259216,1.88900000,3557.17000000,1.988
1749259216,1.88800000,598.83000000,1.988
1749259216,1.88700000,34.83000000,1.988
1749259216,1.88500000,14.39000000,1.988
1749259216,1.88400000,26.53000000,1.988
1749259216,1.88300000,5.81000000,1.988
