timestamp,price,volume,current_price
1749260677,3.14600000,1255.59000000,3.146
1749260677,3.14500000,3949.71000000,3.146
1749260677,3.14400000,6060.78000000,3.146
1749260677,3.14300000,7770.26000000,3.146
1749260677,3.14200000,14614.54000000,3.146
1749260677,3.14100000,11486.37000000,3.146
1749260677,3.14000000,6215.69000000,3.146
1749260677,3.13900000,4922.69000000,3.146
1749260677,3.13800000,4358.11000000,3.146
1749260677,3.13700000,1114.99000000,3.146
1749260677,3.13600000,966.24000000,3.146
1749260677,3.13500000,1050.05000000,3.146
1749260677,3.13400000,10407.57000000,3.146
1749260677,3.13300000,2641.75000000,3.146
1749260677,3.13200000,872.61000000,3.146
1749260677,3.13100000,2293.29000000,3.146
1749260677,3.13000000,537.29000000,3.146
1749260677,3.12900000,1066.08000000,3.146
1749260677,3.12800000,6078.39000000,3.146
1749260677,3.12700000,8735.74000000,3.146
1749260677,3.12600000,319.61000000,3.146
1749260677,3.12500000,986.15000000,3.146
1749260677,3.12400000,11650.98000000,3.146
1749260677,3.12300000,748.68000000,3.146
1749260677,3.12200000,338.74000000,3.146
1749260677,3.12100000,29834.04000000,3.146
1749260677,3.12000000,631.26000000,3.146
1749260677,3.11900000,9.38000000,3.146
1749260677,3.11800000,24581.81000000,3.146
1749260677,3.11700000,361.73000000,3.146
1749260677,3.11600000,332.98000000,3.146
1749260677,3.11500000,810.97000000,3.146
1749260677,3.11400000,594.64000000,3.146
1749260677,3.11300000,399.10000000,3.146
1749260677,3.11200000,793.97000000,3.146
1749260677,3.11100000,11329.87000000,3.146
1749260677,3.11000000,2704.41000000,3.146
1749260677,3.10900000,653.09000000,3.146
1749260677,3.10800000,350.51000000,3.146
1749260677,3.10700000,699.05000000,3.146
1749260677,3.10600000,5.56000000,3.146
1749260677,3.10500000,446.50000000,3.146
1749260677,3.10400000,714.54000000,3.146
1749260677,3.10300000,19.68000000,3.146
1749260677,3.10200000,131.33000000,3.146
1749260677,3.10100000,3232.28000000,3.146
1749260677,3.10000000,4771.69000000,3.146
1749260677,3.09900000,129.22000000,3.146
1749260677,3.09800000,336.40000000,3.146
1749260677,3.09700000,3191.79000000,3.146
1749260677,3.09600000,61.13000000,3.146
1749260677,3.09500000,44303.10000000,3.146
1749260677,3.09400000,1158.98000000,3.146
1749260677,3.09300000,201.02000000,3.146
1749260677,3.09200000,106.12000000,3.146
1749260677,3.09100000,10.07000000,3.146
1749260677,3.09000000,754.71000000,3.146
1749260677,3.08900000,157.08000000,3.146
1749260677,3.08800000,1839.08000000,3.146
1749260677,3.08700000,5.46000000,3.146
1749260677,3.08600000,102794.14000000,3.146
1749260677,3.08500000,99.97000000,3.146
1749260677,3.08400000,9.50000000,3.146
1749260677,3.08300000,67.14000000,3.146
1749260677,3.08200000,8.06000000,3.146
1749260677,3.08100000,200.91000000,3.146
1749260677,3.08000000,2779.06000000,3.146
1749260677,3.07900000,505.64000000,3.146
1749260677,3.07800000,792.35000000,3.146
1749260677,3.07700000,30.69000000,3.146
1749260677,3.07600000,32.34000000,3.146
1749260677,3.07500000,26.19000000,3.146
1749260677,3.07400000,8.55000000,3.146
1749260677,3.07300000,7.57000000,3.146
1749260677,3.07200000,2656.59000000,3.146
1749260677,3.07100000,48.34000000,3.146
1749260677,3.07000000,1515.50000000,3.146
1749260677,3.06900000,35.77000000,3.146
1749260677,3.06800000,70.61000000,3.146
1749260677,3.06700000,163.20000000,3.146
1749260677,3.06600000,131.56000000,3.146
1749260677,3.06500000,2.89000000,3.146
1749260677,3.06400000,39.72000000,3.146
1749260677,3.06300000,47.51000000,3.146
1749260677,3.06200000,63.62000000,3.146
1749260677,3.06100000,11.54000000,3.146
1749260677,3.06000000,18920.24000000,3.146
1749260677,3.05900000,6.64000000,3.146
1749260677,3.05800000,4.36000000,3.146
1749260677,3.05700000,13.06000000,3.146
1749260677,3.05600000,13.41000000,3.146
1749260677,3.05500000,546.52000000,3.146
1749260677,3.05400000,106.99000000,3.146
1749260677,3.05300000,285.31000000,3.146
1749260677,3.05200000,70.11000000,3.146
1749260677,3.05100000,33.04000000,3.146
1749260677,3.05000000,4362.81000000,3.146
1749260677,3.04900000,274.26000000,3.146
1749260677,3.04800000,3143.30000000,3.146
1749260677,3.04700000,9.50000000,3.146
1749260990,3.14600000,662.92000000,3.147
1749260990,3.14500000,5927.29000000,3.147
1749260990,3.14400000,7387.85000000,3.147
1749260990,3.14300000,4492.20000000,3.147
1749260990,3.14200000,17037.30000000,3.147
1749260990,3.14100000,7089.04000000,3.147
1749260990,3.14000000,9226.24000000,3.147
1749260990,3.13900000,6093.37000000,3.147
1749260990,3.13800000,712.72000000,3.147
1749260990,3.13700000,4825.27000000,3.147
1749260990,3.13600000,966.24000000,3.147
1749260990,3.13500000,2608.83000000,3.147
1749260990,3.13400000,10404.52000000,3.147
1749260990,3.13300000,1093.24000000,3.147
1749260990,3.13200000,6347.25000000,3.147
1749260990,3.13100000,10520.10000000,3.147
1749260990,3.13000000,814.17000000,3.147
1749260990,3.12900000,673.73000000,3.147
1749260990,3.12800000,11293.85000000,3.147
1749260990,3.12700000,642.39000000,3.147
1749260990,3.12600000,319.61000000,3.147
1749260990,3.12500000,986.15000000,3.147
1749260990,3.12400000,14353.25000000,3.147
1749260990,3.12300000,748.68000000,3.147
1749260990,3.12200000,338.74000000,3.147
1749260990,3.12100000,16660.92000000,3.147
1749260990,3.12000000,631.26000000,3.147
1749260990,3.11900000,9.38000000,3.147
1749260990,3.11800000,24530.08000000,3.147
1749260990,3.11700000,403.01000000,3.147
1749260990,3.11600000,332.98000000,3.147
1749260990,3.11500000,11428.59000000,3.147
1749260990,3.11400000,594.64000000,3.147
1749260990,3.11300000,399.10000000,3.147
1749260990,3.11200000,793.97000000,3.147
1749260990,3.11100000,317.11000000,3.147
1749260990,3.11000000,2663.04000000,3.147
1749260990,3.10900000,653.09000000,3.147
1749260990,3.10800000,2040.17000000,3.147
1749260990,3.10700000,2063.45000000,3.147
1749260990,3.10600000,37.69000000,3.147
1749260990,3.10500000,386.82000000,3.147
1749260990,3.10400000,404.04000000,3.147
1749260990,3.10300000,19.68000000,3.147
1749260990,3.10200000,131.33000000,3.147
1749260990,3.10100000,1467.90000000,3.147
1749260990,3.10000000,40069.23000000,3.147
1749260990,3.09900000,6646.65000000,3.147
1749260990,3.09800000,2063.73000000,3.147
1749260990,3.09700000,2676.07000000,3.147
1749260990,3.09600000,61.13000000,3.147
1749260990,3.09500000,1709.91000000,3.147
1749260990,3.09400000,670.20000000,3.147
1749260990,3.09300000,201.02000000,3.147
1749260990,3.09200000,106.12000000,3.147
1749260990,3.09100000,10.07000000,3.147
1749260990,3.09000000,754.71000000,3.147
1749260990,3.08900000,157.08000000,3.147
1749260990,3.08800000,106.16000000,3.147
1749260990,3.08700000,5.46000000,3.147
1749260990,3.08600000,101737.67000000,3.147
1749260990,3.08500000,1794.51000000,3.147
1749260990,3.08400000,9.50000000,3.147
1749260990,3.08300000,44.79000000,3.147
1749260990,3.08200000,8.06000000,3.147
1749260990,3.08100000,200.91000000,3.147
1749260990,3.08000000,2779.06000000,3.147
1749260990,3.07900000,21.87000000,3.147
1749260990,3.07800000,166.19000000,3.147
1749260990,3.07700000,30.69000000,3.147
1749260990,3.07600000,2681.87000000,3.147
1749260990,3.07500000,26.19000000,3.147
1749260990,3.07400000,5.37000000,3.147
1749260990,3.07300000,4.39000000,3.147
1749260990,3.07200000,32.67000000,3.147
1749260990,3.07100000,45.16000000,3.147
1749260990,3.07000000,1515.50000000,3.147
1749260990,3.06900000,35.77000000,3.147
1749260990,3.06800000,70.61000000,3.147
1749260990,3.06700000,163.20000000,3.147
1749260990,3.06600000,131.56000000,3.147
1749260990,3.06500000,2.89000000,3.147
1749260990,3.06400000,39.72000000,3.147
1749260990,3.06300000,47.51000000,3.147
1749260990,3.06200000,63.62000000,3.147
1749260990,3.06100000,11.54000000,3.147
1749260990,3.06000000,18920.24000000,3.147
1749260990,3.05900000,6.64000000,3.147
1749260990,3.05800000,4.36000000,3.147
1749260990,3.05700000,13.06000000,3.147
1749260990,3.05600000,13.41000000,3.147
1749260990,3.05500000,546.52000000,3.147
1749260990,3.05400000,106.99000000,3.147
1749260990,3.05300000,285.31000000,3.147
1749260990,3.05200000,2804.93000000,3.147
1749260990,3.05100000,33.04000000,3.147
1749260990,3.05000000,4362.81000000,3.147
1749260990,3.04900000,274.26000000,3.147
1749260990,3.04800000,396.37000000,3.147
1749260990,3.04700000,9.50000000,3.147
1749261291,3.14400000,1062.53000000,3.145
1749261291,3.14300000,6594.42000000,3.145
1749261291,3.14200000,7163.25000000,3.145
1749261291,3.14100000,5719.07000000,3.145
1749261291,3.14000000,17694.67000000,3.145
1749261291,3.13900000,6088.89000000,3.145
1749261291,3.13800000,5462.53000000,3.145
1749261291,3.13700000,8847.02000000,3.145
1749261291,3.13600000,926.24000000,3.145
1749261291,3.13500000,1050.05000000,3.145
1749261291,3.13400000,3999.34000000,3.145
1749261291,3.13300000,11901.97000000,3.145
1749261291,3.13200000,6414.91000000,3.145
1749261291,3.13100000,9365.02000000,3.145
1749261291,3.13000000,814.17000000,3.145
1749261291,3.12900000,673.73000000,3.145
1749261291,3.12800000,11293.85000000,3.145
1749261291,3.12700000,1832.28000000,3.145
1749261291,3.12600000,319.61000000,3.145
1749261291,3.12500000,986.15000000,3.145
1749261291,3.12400000,14353.25000000,3.145
1749261291,3.12300000,748.68000000,3.145
1749261291,3.12200000,338.74000000,3.145
1749261291,3.12100000,652.82000000,3.145
1749261291,3.12000000,631.26000000,3.145
1749261291,3.11900000,9.38000000,3.145
1749261291,3.11800000,16674.00000000,3.145
1749261291,3.11700000,403.01000000,3.145
1749261291,3.11600000,23554.11000000,3.145
1749261291,3.11500000,11303.35000000,3.145
1749261291,3.11400000,594.64000000,3.145
1749261291,3.11300000,399.10000000,3.145
1749261291,3.11200000,665.45000000,3.145
1749261291,3.11100000,317.11000000,3.145
1749261291,3.11000000,2663.04000000,3.145
1749261291,3.10900000,653.09000000,3.145
1749261291,3.10800000,2040.17000000,3.145
1749261291,3.10700000,795.66000000,3.145
1749261291,3.10600000,5.56000000,3.145
1749261291,3.10500000,354.68000000,3.145
1749261291,3.10400000,2039.64000000,3.145
1749261291,3.10300000,171.29000000,3.145
1749261291,3.10200000,131.33000000,3.145
1749261291,3.10100000,343.66000000,3.145
1749261291,3.10000000,40069.23000000,3.145
1749261291,3.09900000,6646.65000000,3.145
1749261291,3.09800000,3570.49000000,3.145
1749261291,3.09700000,2795.74000000,3.145
1749261291,3.09600000,61.13000000,3.145
1749261291,3.09500000,1709.91000000,3.145
1749261291,3.09400000,670.20000000,3.145
1749261291,3.09300000,201.02000000,3.145
1749261291,3.09200000,106.12000000,3.145
1749261291,3.09100000,10.07000000,3.145
1749261291,3.09000000,754.71000000,3.145
1749261291,3.08900000,157.08000000,3.145
1749261291,3.08800000,106.16000000,3.145
1749261291,3.08700000,5.46000000,3.145
1749261291,3.08600000,47.85000000,3.145
1749261291,3.08500000,99.97000000,3.145
1749261291,3.08400000,105559.34000000,3.145
1749261291,3.08300000,12.42000000,3.145
1749261291,3.08200000,1681.89000000,3.145
1749261291,3.08100000,255.66000000,3.145
1749261291,3.08000000,2779.06000000,3.145
1749261291,3.07900000,21.87000000,3.145
1749261291,3.07800000,166.19000000,3.145
1749261291,3.07700000,30.69000000,3.145
1749261291,3.07600000,2681.87000000,3.145
1749261291,3.07500000,26.19000000,3.145
1749261291,3.07400000,8.55000000,3.145
1749261291,3.07300000,7.57000000,3.145
1749261291,3.07200000,35.85000000,3.145
1749261291,3.07100000,48.34000000,3.145
1749261291,3.07000000,1518.68000000,3.145
1749261291,3.06900000,38.95000000,3.145
1749261291,3.06800000,70.61000000,3.145
1749261291,3.06700000,163.20000000,3.145
1749261291,3.06600000,131.56000000,3.145
1749261291,3.06500000,2.89000000,3.145
1749261291,3.06400000,39.72000000,3.145
1749261291,3.06300000,47.51000000,3.145
1749261291,3.06200000,63.62000000,3.145
1749261291,3.06100000,11.54000000,3.145
1749261291,3.06000000,18920.24000000,3.145
1749261291,3.05900000,6.64000000,3.145
1749261291,3.05800000,4.36000000,3.145
1749261291,3.05700000,13.06000000,3.145
1749261291,3.05600000,13.41000000,3.145
1749261291,3.05500000,546.52000000,3.145
1749261291,3.05400000,106.99000000,3.145
1749261291,3.05300000,285.31000000,3.145
1749261291,3.05200000,2804.93000000,3.145
1749261291,3.05100000,33.04000000,3.145
1749261291,3.05000000,4362.81000000,3.145
1749261291,3.04900000,274.26000000,3.145
1749261291,3.04800000,396.37000000,3.145
1749261291,3.04700000,9.50000000,3.145
1749261291,3.04600000,4.06000000,3.145
1749261291,3.04500000,199.03000000,3.145
1749261593,3.14500000,1235.21000000,3.145
1749261593,3.14400000,3838.04000000,3.145
1749261593,3.14300000,5759.81000000,3.145
1749261593,3.14200000,11331.81000000,3.145
1749261593,3.14100000,9829.91000000,3.145
1749261593,3.14000000,12360.80000000,3.145
1749261593,3.13900000,8013.89000000,3.145
1749261593,3.13800000,1880.61000000,3.145
1749261593,3.13700000,3937.65000000,3.145
1749261593,3.13600000,3921.02000000,3.145
1749261593,3.13500000,1050.05000000,3.145
1749261593,3.13400000,842.55000000,3.145
1749261593,3.13300000,10661.31000000,3.145
1749261593,3.13200000,6414.91000000,3.145
1749261593,3.13100000,10606.79000000,3.145
1749261593,3.13000000,814.17000000,3.145
1749261593,3.12900000,673.73000000,3.145
1749261593,3.12800000,11293.85000000,3.145
1749261593,3.12700000,1832.28000000,3.145
1749261593,3.12600000,319.61000000,3.145
1749261593,3.12500000,986.15000000,3.145
1749261593,3.12400000,14353.25000000,3.145
1749261593,3.12300000,748.68000000,3.145
1749261593,3.12200000,338.74000000,3.145
1749261593,3.12100000,652.82000000,3.145
1749261593,3.12000000,631.26000000,3.145
1749261593,3.11900000,9.38000000,3.145
1749261593,3.11800000,16674.00000000,3.145
1749261593,3.11700000,24406.47000000,3.145
1749261593,3.11600000,332.98000000,3.145
1749261593,3.11500000,11303.35000000,3.145
1749261593,3.11400000,594.64000000,3.145
1749261593,3.11300000,399.10000000,3.145
1749261593,3.11200000,665.45000000,3.145
1749261593,3.11100000,317.11000000,3.145
1749261593,3.11000000,2663.04000000,3.145
1749261593,3.10900000,653.09000000,3.145
1749261593,3.10800000,2040.17000000,3.145
1749261593,3.10700000,795.66000000,3.145
1749261593,3.10600000,5.56000000,3.145
1749261593,3.10500000,354.68000000,3.145
1749261593,3.10400000,869.61000000,3.145
1749261593,3.10300000,19.68000000,3.145
1749261593,3.10200000,131.33000000,3.145
1749261593,3.10100000,343.66000000,3.145
1749261593,3.10000000,41443.85000000,3.145
1749261593,3.09900000,6646.65000000,3.145
1749261593,3.09800000,1066.42000000,3.145
1749261593,3.09700000,2676.07000000,3.145
1749261593,3.09600000,61.13000000,3.145
1749261593,3.09500000,1709.91000000,3.145
1749261593,3.09400000,670.20000000,3.145
1749261593,3.09300000,201.02000000,3.145
1749261593,3.09200000,106.12000000,3.145
1749261593,3.09100000,1709.02000000,3.145
1749261593,3.09000000,771.72000000,3.145
1749261593,3.08900000,157.08000000,3.145
1749261593,3.08800000,106.16000000,3.145
1749261593,3.08700000,5.46000000,3.145
1749261593,3.08600000,105039.60000000,3.145
1749261593,3.08500000,99.97000000,3.145
1749261593,3.08400000,9.50000000,3.145
1749261593,3.08300000,12.42000000,3.145
1749261593,3.08200000,605.37000000,3.145
1749261593,3.08100000,200.91000000,3.145
1749261593,3.08000000,1395.51000000,3.145
1749261593,3.07900000,21.87000000,3.145
1749261593,3.07800000,166.19000000,3.145
1749261593,3.07700000,30.69000000,3.145
1749261593,3.07600000,2681.87000000,3.145
1749261593,3.07500000,26.19000000,3.145
1749261593,3.07400000,8.55000000,3.145
1749261593,3.07300000,7.57000000,3.145
1749261593,3.07200000,35.85000000,3.145
1749261593,3.07100000,48.34000000,3.145
1749261593,3.07000000,1518.68000000,3.145
1749261593,3.06900000,35.77000000,3.145
1749261593,3.06800000,70.61000000,3.145
1749261593,3.06700000,163.20000000,3.145
1749261593,3.06600000,131.56000000,3.145
1749261593,3.06500000,2.89000000,3.145
1749261593,3.06400000,39.72000000,3.145
1749261593,3.06300000,47.51000000,3.145
1749261593,3.06200000,63.62000000,3.145
1749261593,3.06100000,11.54000000,3.145
1749261593,3.06000000,18920.24000000,3.145
1749261593,3.05900000,6.64000000,3.145
1749261593,3.05800000,4.36000000,3.145
1749261593,3.05700000,13.06000000,3.145
1749261593,3.05600000,13.41000000,3.145
1749261593,3.05500000,546.52000000,3.145
1749261593,3.05400000,106.99000000,3.145
1749261593,3.05300000,285.31000000,3.145
1749261593,3.05200000,2804.93000000,3.145
1749261593,3.05100000,33.04000000,3.145
1749261593,3.05000000,4362.81000000,3.145
1749261593,3.04900000,274.26000000,3.145
1749261593,3.04800000,396.37000000,3.145
1749261593,3.04700000,9.50000000,3.145
1749261593,3.04600000,4.06000000,3.145
1749261894,3.14200000,2121.10000000,3.142
1749261894,3.14100000,5731.96000000,3.142
1749261894,3.14000000,6764.34000000,3.142
1749261894,3.13900000,8726.29000000,3.142
1749261894,3.13800000,13952.57000000,3.142
1749261894,3.13700000,9855.82000000,3.142
1749261894,3.13600000,2021.86000000,3.142
1749261894,3.13500000,5526.12000000,3.142
1749261894,3.13400000,3609.93000000,3.142
1749261894,3.13300000,1633.14000000,3.142
1749261894,3.13200000,3091.87000000,3.142
1749261894,3.13100000,1138.21000000,3.142
1749261894,3.13000000,10175.01000000,3.142
1749261894,3.12900000,1983.45000000,3.142
1749261894,3.12800000,11638.67000000,3.142
1749261894,3.12700000,7376.89000000,3.142
1749261894,3.12600000,319.61000000,3.142
1749261894,3.12500000,9212.96000000,3.142
1749261894,3.12400000,14353.25000000,3.142
1749261894,3.12300000,748.68000000,3.142
1749261894,3.12200000,338.74000000,3.142
1749261894,3.12100000,652.82000000,3.142
1749261894,3.12000000,631.26000000,3.142
1749261894,3.11900000,9.38000000,3.142
1749261894,3.11800000,16674.00000000,3.142
1749261894,3.11700000,361.73000000,3.142
1749261894,3.11600000,332.98000000,3.142
1749261894,3.11500000,11303.35000000,3.142
1749261894,3.11400000,24488.44000000,3.142
1749261894,3.11300000,399.10000000,3.142
1749261894,3.11200000,665.45000000,3.142
1749261894,3.11100000,317.11000000,3.142
1749261894,3.11000000,2704.40000000,3.142
1749261894,3.10900000,653.09000000,3.142
1749261894,3.10800000,350.51000000,3.142
1749261894,3.10700000,795.66000000,3.142
1749261894,3.10600000,5.56000000,3.142
1749261894,3.10500000,354.68000000,3.142
1749261894,3.10400000,714.54000000,3.142
1749261894,3.10300000,665.02000000,3.142
1749261894,3.10200000,163.51000000,3.142
1749261894,3.10100000,2129.07000000,3.142
1749261894,3.10000000,5987.46000000,3.142
1749261894,3.09900000,6646.65000000,3.142
1749261894,3.09800000,336.40000000,3.142
1749261894,3.09700000,4243.17000000,3.142
1749261894,3.09600000,35563.33000000,3.142
1749261894,3.09500000,105.26000000,3.142
1749261894,3.09400000,670.20000000,3.142
1749261894,3.09300000,7.09000000,3.142
1749261894,3.09200000,106.12000000,3.142
1749261894,3.09100000,1709.02000000,3.142
1749261894,3.09000000,771.72000000,3.142
1749261894,3.08900000,149.06000000,3.142
1749261894,3.08800000,1710.58000000,3.142
1749261894,3.08700000,199.76000000,3.142
1749261894,3.08600000,47.85000000,3.142
1749261894,3.08500000,108.06000000,3.142
1749261894,3.08400000,41.86000000,3.142
1749261894,3.08300000,12.42000000,3.142
1749261894,3.08200000,105489.63000000,3.142
1749261894,3.08100000,1438.71000000,3.142
1749261894,3.08000000,1395.51000000,3.142
1749261894,3.07900000,76.66000000,3.142
1749261894,3.07800000,166.19000000,3.142
1749261894,3.07700000,30.69000000,3.142
1749261894,3.07600000,2681.87000000,3.142
1749261894,3.07500000,26.19000000,3.142
1749261894,3.07400000,8.55000000,3.142
1749261894,3.07300000,7.57000000,3.142
1749261894,3.07200000,35.85000000,3.142
1749261894,3.07100000,48.34000000,3.142
1749261894,3.07000000,1518.68000000,3.142
1749261894,3.06900000,38.95000000,3.142
1749261894,3.06800000,73.79000000,3.142
1749261894,3.06700000,163.20000000,3.142
1749261894,3.06600000,131.56000000,3.142
1749261894,3.06500000,2.89000000,3.142
1749261894,3.06400000,39.72000000,3.142
1749261894,3.06300000,47.51000000,3.142
1749261894,3.06200000,63.62000000,3.142
1749261894,3.06100000,11.54000000,3.142
1749261894,3.06000000,18920.24000000,3.142
1749261894,3.05900000,6.64000000,3.142
1749261894,3.05800000,4.36000000,3.142
1749261894,3.05700000,13.06000000,3.142
1749261894,3.05600000,13.41000000,3.142
1749261894,3.05500000,546.52000000,3.142
1749261894,3.05400000,106.99000000,3.142
1749261894,3.05300000,285.31000000,3.142
1749261894,3.05200000,2804.93000000,3.142
1749261894,3.05100000,33.04000000,3.142
1749261894,3.05000000,4362.81000000,3.142
1749261894,3.04900000,274.26000000,3.142
1749261894,3.04800000,396.37000000,3.142
1749261894,3.04700000,9.50000000,3.142
1749261894,3.04600000,4.06000000,3.142
1749261894,3.04500000,199.03000000,3.142
1749261894,3.04400000,490.58000000,3.142
1749261894,3.04300000,47.89000000,3.142
1749262195,3.14300000,1952.24000000,3.143
1749262195,3.14200000,3716.11000000,3.143
1749262195,3.14100000,3836.60000000,3.143
1749262195,3.14000000,8658.76000000,3.143
1749262195,3.13900000,12058.97000000,3.143
1749262195,3.13800000,12097.32000000,3.143
1749262195,3.13700000,7290.97000000,3.143
1749262195,3.13600000,2160.74000000,3.143
1749262195,3.13500000,4971.87000000,3.143
1749262195,3.13400000,3636.44000000,3.143
1749262195,3.13300000,1403.51000000,3.143
1749262195,3.13200000,3249.00000000,3.143
1749262195,3.13100000,1212.83000000,3.143
1749262195,3.13000000,10111.47000000,3.143
1749262195,3.12900000,1067.22000000,3.143
1749262195,3.12800000,1691.31000000,3.143
1749262195,3.12700000,7376.89000000,3.143
1749262195,3.12600000,319.61000000,3.143
1749262195,3.12500000,9490.28000000,3.143
1749262195,3.12400000,14353.25000000,3.143
1749262195,3.12300000,748.68000000,3.143
1749262195,3.12200000,11316.52000000,3.143
1749262195,3.12100000,652.82000000,3.143
1749262195,3.12000000,631.26000000,3.143
1749262195,3.11900000,9.38000000,3.143
1749262195,3.11800000,650.50000000,3.143
1749262195,3.11700000,361.73000000,3.143
1749262195,3.11600000,332.98000000,3.143
1749262195,3.11500000,34417.04000000,3.143
1749262195,3.11400000,16638.72000000,3.143
1749262195,3.11300000,399.10000000,3.143
1749262195,3.11200000,665.45000000,3.143
1749262195,3.11100000,317.11000000,3.143
1749262195,3.11000000,2704.40000000,3.143
1749262195,3.10900000,653.09000000,3.143
1749262195,3.10800000,350.51000000,3.143
1749262195,3.10700000,795.66000000,3.143
1749262195,3.10600000,5.56000000,3.143
1749262195,3.10500000,354.68000000,3.143
1749262195,3.10400000,714.54000000,3.143
1749262195,3.10300000,19.68000000,3.143
1749262195,3.10200000,441.83000000,3.143
1749262195,3.10100000,2037.13000000,3.143
1749262195,3.10000000,5987.46000000,3.143
1749262195,3.09900000,6646.65000000,3.143
1749262195,3.09800000,336.40000000,3.143
1749262195,3.09700000,2676.07000000,3.143
1749262195,3.09600000,35563.33000000,3.143
1749262195,3.09500000,13.15000000,3.143
1749262195,3.09400000,670.20000000,3.143
1749262195,3.09300000,7.09000000,3.143
1749262195,3.09200000,106.12000000,3.143
1749262195,3.09100000,1709.02000000,3.143
1749262195,3.09000000,771.72000000,3.143
1749262195,3.08900000,149.06000000,3.143
1749262195,3.08800000,1710.58000000,3.143
1749262195,3.08700000,199.76000000,3.143
1749262195,3.08600000,47.85000000,3.143
1749262195,3.08500000,108.06000000,3.143
1749262195,3.08400000,9.50000000,3.143
1749262195,3.08300000,12.42000000,3.143
1749262195,3.08200000,105489.63000000,3.143
1749262195,3.08100000,297.31000000,3.143
1749262195,3.08000000,1395.51000000,3.143
1749262195,3.07900000,21.87000000,3.143
1749262195,3.07800000,166.19000000,3.143
1749262195,3.07700000,30.69000000,3.143
1749262195,3.07600000,2681.87000000,3.143
1749262195,3.07500000,26.19000000,3.143
1749262195,3.07400000,8.55000000,3.143
1749262195,3.07300000,7.57000000,3.143
1749262195,3.07200000,35.85000000,3.143
1749262195,3.07100000,48.34000000,3.143
1749262195,3.07000000,1518.68000000,3.143
1749262195,3.06900000,38.95000000,3.143
1749262195,3.06800000,73.79000000,3.143
1749262195,3.06700000,163.20000000,3.143
1749262195,3.06600000,131.56000000,3.143
1749262195,3.06500000,2.89000000,3.143
1749262195,3.06400000,39.72000000,3.143
1749262195,3.06300000,47.51000000,3.143
1749262195,3.06200000,63.62000000,3.143
1749262195,3.06100000,11.54000000,3.143
1749262195,3.06000000,18920.24000000,3.143
1749262195,3.05900000,6.64000000,3.143
1749262195,3.05800000,4.36000000,3.143
1749262195,3.05700000,13.06000000,3.143
1749262195,3.05600000,13.41000000,3.143
1749262195,3.05500000,546.52000000,3.143
1749262195,3.05400000,106.99000000,3.143
1749262195,3.05300000,285.31000000,3.143
1749262195,3.05200000,2804.93000000,3.143
1749262195,3.05100000,33.04000000,3.143
1749262195,3.05000000,4362.81000000,3.143
1749262195,3.04900000,274.26000000,3.143
1749262195,3.04800000,396.37000000,3.143
1749262195,3.04700000,9.50000000,3.143
1749262195,3.04600000,4.06000000,3.143
1749262195,3.04500000,199.03000000,3.143
1749262195,3.04400000,490.58000000,3.143
1749262501,3.14500000,2704.92000000,3.145
1749262501,3.14400000,4545.53000000,3.145
1749262501,3.14300000,7271.14000000,3.145
1749262501,3.14200000,9487.76000000,3.145
1749262501,3.14100000,17729.72000000,3.145
1749262501,3.14000000,5716.28000000,3.145
1749262501,3.13900000,8031.97000000,3.145
1749262501,3.13800000,4194.79000000,3.145
1749262501,3.13700000,1191.75000000,3.145
1749262501,3.13600000,1083.17000000,3.145
1749262501,3.13500000,5099.31000000,3.145
1749262501,3.13400000,11581.00000000,3.145
1749262501,3.13300000,1407.23000000,3.145
1749262501,3.13200000,866.54000000,3.145
1749262501,3.13100000,1205.94000000,3.145
1749262501,3.13000000,541.01000000,3.145
1749262501,3.12900000,1000.69000000,3.145
1749262501,3.12800000,316.07000000,3.145
1749262501,3.12700000,7654.04000000,3.145
1749262501,3.12600000,323.33000000,3.145
1749262501,3.12500000,9212.96000000,3.145
1749262501,3.12400000,14353.25000000,3.145
1749262501,3.12300000,748.68000000,3.145
1749262501,3.12200000,11316.52000000,3.145
1749262501,3.12100000,656.54000000,3.145
1749262501,3.12000000,631.26000000,3.145
1749262501,3.11900000,16027.74000000,3.145
1749262501,3.11800000,650.50000000,3.145
1749262501,3.11700000,23392.00000000,3.145
1749262501,3.11600000,336.70000000,3.145
1749262501,3.11500000,11303.35000000,3.145
1749262501,3.11400000,594.64000000,3.145
1749262501,3.11300000,399.10000000,3.145
1749262501,3.11200000,665.45000000,3.145
1749262501,3.11100000,317.11000000,3.145
1749262501,3.11000000,2704.40000000,3.145
1749262501,3.10900000,653.09000000,3.145
1749262501,3.10800000,2040.17000000,3.145
1749262501,3.10700000,827.78000000,3.145
1749262501,3.10600000,5.56000000,3.145
1749262501,3.10500000,1061.97000000,3.145
1749262501,3.10400000,1451.52000000,3.145
1749262501,3.10300000,19.68000000,3.145
1749262501,3.10200000,131.33000000,3.145
1749262501,3.10100000,343.66000000,3.145
1749262501,3.10000000,5987.46000000,3.145
1749262501,3.09900000,8888.82000000,3.145
1749262501,3.09800000,1479.46000000,3.145
1749262501,3.09700000,2676.07000000,3.145
1749262501,3.09600000,35563.33000000,3.145
1749262501,3.09500000,13.15000000,3.145
1749262501,3.09400000,670.20000000,3.145
1749262501,3.09300000,7.09000000,3.145
1749262501,3.09200000,106.12000000,3.145
1749262501,3.09100000,10.07000000,3.145
1749262501,3.09000000,771.72000000,3.145
1749262501,3.08900000,149.06000000,3.145
1749262501,3.08800000,1710.58000000,3.145
1749262501,3.08700000,232.09000000,3.145
1749262501,3.08600000,104406.72000000,3.145
1749262501,3.08500000,108.06000000,3.145
1749262501,3.08400000,527.39000000,3.145
1749262501,3.08300000,12.42000000,3.145
1749262501,3.08200000,1218.39000000,3.145
1749262501,3.08100000,297.31000000,3.145
1749262501,3.08000000,1395.51000000,3.145
1749262501,3.07900000,21.87000000,3.145
1749262501,3.07800000,166.19000000,3.145
1749262501,3.07700000,30.69000000,3.145
1749262501,3.07600000,2681.87000000,3.145
1749262501,3.07500000,26.19000000,3.145
1749262501,3.07400000,8.55000000,3.145
1749262501,3.07300000,7.57000000,3.145
1749262501,3.07200000,35.85000000,3.145
1749262501,3.07100000,48.34000000,3.145
1749262501,3.07000000,1518.68000000,3.145
1749262501,3.06900000,35.77000000,3.145
1749262501,3.06800000,70.61000000,3.145
1749262501,3.06700000,163.20000000,3.145
1749262501,3.06600000,131.56000000,3.145
1749262501,3.06500000,2.89000000,3.145
1749262501,3.06400000,39.72000000,3.145
1749262501,3.06300000,47.51000000,3.145
1749262501,3.06200000,63.62000000,3.145
1749262501,3.06100000,11.54000000,3.145
1749262501,3.06000000,18920.24000000,3.145
1749262501,3.05900000,6.64000000,3.145
1749262501,3.05800000,4.36000000,3.145
1749262501,3.05700000,13.06000000,3.145
1749262501,3.05600000,13.41000000,3.145
1749262501,3.05500000,546.52000000,3.145
1749262501,3.05400000,106.99000000,3.145
1749262501,3.05300000,285.31000000,3.145
1749262501,3.05200000,2804.93000000,3.145
1749262501,3.05100000,33.04000000,3.145
1749262501,3.05000000,4362.81000000,3.145
1749262501,3.04900000,274.26000000,3.145
1749262501,3.04800000,396.37000000,3.145
1749262501,3.04700000,9.50000000,3.145
1749262501,3.04600000,4.06000000,3.145
1749262803,3.14600000,1729.82000000,3.146
1749262803,3.14500000,5977.64000000,3.146
1749262803,3.14400000,7012.81000000,3.146
1749262803,3.14300000,7989.93000000,3.146
1749262803,3.14200000,15345.18000000,3.146
1749262803,3.14100000,9506.24000000,3.146
1749262803,3.14000000,4293.43000000,3.146
1749262803,3.13900000,8234.68000000,3.146
1749262803,3.13800000,1027.64000000,3.146
1749262803,3.13700000,1182.25000000,3.146
1749262803,3.13600000,3921.84000000,3.146
1749262803,3.13500000,1058.10000000,3.146
1749262803,3.13400000,10341.07000000,3.146
1749262803,3.13300000,1474.93000000,3.146
1749262803,3.13200000,7471.59000000,3.146
1749262803,3.13100000,2338.51000000,3.146
1749262803,3.13000000,8835.63000000,3.146
1749262803,3.12900000,1277.66000000,3.146
1749262803,3.12800000,10816.52000000,3.146
1749262803,3.12700000,644.38000000,3.146
1749262803,3.12600000,323.33000000,3.146
1749262803,3.12500000,986.15000000,3.146
1749262803,3.12400000,14430.47000000,3.146
1749262803,3.12300000,844.74000000,3.146
1749262803,3.12200000,338.74000000,3.146
1749262803,3.12100000,656.54000000,3.146
1749262803,3.12000000,631.26000000,3.146
1749262803,3.11900000,16027.74000000,3.146
1749262803,3.11800000,23627.50000000,3.146
1749262803,3.11700000,361.73000000,3.146
1749262803,3.11600000,336.70000000,3.146
1749262803,3.11500000,894.68000000,3.146
1749262803,3.11400000,11247.12000000,3.146
1749262803,3.11300000,399.10000000,3.146
1749262803,3.11200000,665.45000000,3.146
1749262803,3.11100000,317.11000000,3.146
1749262803,3.11000000,2704.40000000,3.146
1749262803,3.10900000,653.09000000,3.146
1749262803,3.10800000,2040.17000000,3.146
1749262803,3.10700000,919.54000000,3.146
1749262803,3.10600000,5.56000000,3.146
1749262803,3.10500000,1061.97000000,3.146
1749262803,3.10400000,1327.51000000,3.146
1749262803,3.10300000,19.68000000,3.146
1749262803,3.10200000,131.33000000,3.146
1749262803,3.10100000,482.41000000,3.146
1749262803,3.10000000,41443.85000000,3.146
1749262803,3.09900000,9035.00000000,3.146
1749262803,3.09800000,1355.21000000,3.146
1749262803,3.09700000,2676.07000000,3.146
1749262803,3.09600000,61.13000000,3.146
1749262803,3.09500000,13.15000000,3.146
1749262803,3.09400000,670.20000000,3.146
1749262803,3.09300000,201.02000000,3.146
1749262803,3.09200000,106.12000000,3.146
1749262803,3.09100000,10.07000000,3.146
1749262803,3.09000000,771.72000000,3.146
1749262803,3.08900000,149.06000000,3.146
1749262803,3.08800000,1710.58000000,3.146
1749262803,3.08700000,5.46000000,3.146
1749262803,3.08600000,106761.48000000,3.146
1749262803,3.08500000,195.09000000,3.146
1749262803,3.08400000,527.39000000,3.146
1749262803,3.08300000,12.42000000,3.146
1749262803,3.08200000,1131.28000000,3.146
1749262803,3.08100000,297.31000000,3.146
1749262803,3.08000000,1395.51000000,3.146
1749262803,3.07900000,21.87000000,3.146
1749262803,3.07800000,166.19000000,3.146
1749262803,3.07700000,30.69000000,3.146
1749262803,3.07600000,32.34000000,3.146
1749262803,3.07500000,2638.85000000,3.146
1749262803,3.07400000,8.55000000,3.146
1749262803,3.07300000,7.57000000,3.146
1749262803,3.07200000,35.85000000,3.146
1749262803,3.07100000,48.34000000,3.146
1749262803,3.07000000,1515.50000000,3.146
1749262803,3.06900000,35.77000000,3.146
1749262803,3.06800000,70.61000000,3.146
1749262803,3.06700000,163.20000000,3.146
1749262803,3.06600000,131.56000000,3.146
1749262803,3.06500000,2.89000000,3.146
1749262803,3.06400000,39.72000000,3.146
1749262803,3.06300000,47.51000000,3.146
1749262803,3.06200000,63.62000000,3.146
1749262803,3.06100000,11.54000000,3.146
1749262803,3.06000000,18920.24000000,3.146
1749262803,3.05900000,6.64000000,3.146
1749262803,3.05800000,4.36000000,3.146
1749262803,3.05700000,13.06000000,3.146
1749262803,3.05600000,13.41000000,3.146
1749262803,3.05500000,546.52000000,3.146
1749262803,3.05400000,106.99000000,3.146
1749262803,3.05300000,285.31000000,3.146
1749262803,3.05200000,70.11000000,3.146
1749262803,3.05100000,2793.96000000,3.146
1749262803,3.05000000,4362.81000000,3.146
1749262803,3.04900000,274.26000000,3.146
1749262803,3.04800000,396.37000000,3.146
1749262803,3.04700000,9.50000000,3.146
1749263104,3.14500000,1680.22000000,3.145
1749263104,3.14400000,5624.17000000,3.145
1749263104,3.14300000,7190.21000000,3.145
1749263104,3.14200000,11313.38000000,3.145
1749263104,3.14100000,12151.24000000,3.145
1749263104,3.14000000,6651.83000000,3.145
1749263104,3.13900000,7138.67000000,3.145
1749263104,3.13800000,1629.47000000,3.145
1749263104,3.13700000,5292.07000000,3.145
1749263104,3.13600000,6673.95000000,3.145
1749263104,3.13500000,1058.10000000,3.145
1749263104,3.13400000,779.10000000,3.145
1749263104,3.13300000,11048.99000000,3.145
1749263104,3.13200000,7535.45000000,3.145
1749263104,3.13100000,1098.21000000,3.145
1749263104,3.13000000,8875.63000000,3.145
1749263104,3.12900000,1283.65000000,3.145
1749263104,3.12800000,10816.52000000,3.145
1749263104,3.12700000,1846.09000000,3.145
1749263104,3.12600000,323.33000000,3.145
1749263104,3.12500000,992.14000000,3.145
1749263104,3.12400000,14430.47000000,3.145
1749263104,3.12300000,844.74000000,3.145
1749263104,3.12200000,338.74000000,3.145
1749263104,3.12100000,656.54000000,3.145
1749263104,3.12000000,637.25000000,3.145
1749263104,3.11900000,16027.74000000,3.145
1749263104,3.11800000,650.50000000,3.145
1749263104,3.11700000,24082.28000000,3.145
1749263104,3.11600000,336.70000000,3.145
1749263104,3.11500000,816.96000000,3.145
1749263104,3.11400000,11247.12000000,3.145
1749263104,3.11300000,399.10000000,3.145
1749263104,3.11200000,706.79000000,3.145
1749263104,3.11100000,317.11000000,3.145
1749263104,3.11000000,2663.04000000,3.145
1749263104,3.10900000,653.09000000,3.145
1749263104,3.10800000,2040.17000000,3.145
1749263104,3.10700000,795.66000000,3.145
1749263104,3.10600000,5.56000000,3.145
1749263104,3.10500000,354.68000000,3.145
1749263104,3.10400000,746.70000000,3.145
1749263104,3.10300000,1464.65000000,3.145
1749263104,3.10200000,131.33000000,3.145
1749263104,3.10100000,358.28000000,3.145
1749263104,3.10000000,41443.85000000,3.145
1749263104,3.09900000,8519.61000000,3.145
1749263104,3.09800000,336.40000000,3.145
1749263104,3.09700000,4367.46000000,3.145
1749263104,3.09600000,61.13000000,3.145
1749263104,3.09500000,13.15000000,3.145
1749263104,3.09400000,670.20000000,3.145
1749263104,3.09300000,201.02000000,3.145
1749263104,3.09200000,106.12000000,3.145
1749263104,3.09100000,10.07000000,3.145
1749263104,3.09000000,771.72000000,3.145
1749263104,3.08900000,149.06000000,3.145
1749263104,3.08800000,1710.58000000,3.145
1749263104,3.08700000,5.46000000,3.145
1749263104,3.08600000,47.85000000,3.145
1749263104,3.08500000,108.06000000,3.145
1749263104,3.08400000,102255.74000000,3.145
1749263104,3.08300000,12.42000000,3.145
1749263104,3.08200000,526.29000000,3.145
1749263104,3.08100000,1493.46000000,3.145
1749263104,3.08000000,1395.51000000,3.145
1749263104,3.07900000,21.87000000,3.145
1749263104,3.07800000,166.19000000,3.145
1749263104,3.07700000,30.69000000,3.145
1749263104,3.07600000,32.34000000,3.145
1749263104,3.07500000,2638.85000000,3.145
1749263104,3.07400000,8.55000000,3.145
1749263104,3.07300000,7.57000000,3.145
1749263104,3.07200000,35.85000000,3.145
1749263104,3.07100000,48.34000000,3.145
1749263104,3.07000000,1518.68000000,3.145
1749263104,3.06900000,35.77000000,3.145
1749263104,3.06800000,70.61000000,3.145
1749263104,3.06700000,163.20000000,3.145
1749263104,3.06600000,131.56000000,3.145
1749263104,3.06500000,2.89000000,3.145
1749263104,3.06400000,39.72000000,3.145
1749263104,3.06300000,47.51000000,3.145
1749263104,3.06200000,63.62000000,3.145
1749263104,3.06100000,11.54000000,3.145
1749263104,3.06000000,18920.24000000,3.145
1749263104,3.05900000,6.64000000,3.145
1749263104,3.05800000,4.36000000,3.145
1749263104,3.05700000,13.06000000,3.145
1749263104,3.05600000,13.41000000,3.145
1749263104,3.05500000,546.52000000,3.145
1749263104,3.05400000,106.99000000,3.145
1749263104,3.05300000,285.31000000,3.145
1749263104,3.05200000,70.11000000,3.145
1749263104,3.05100000,2793.96000000,3.145
1749263104,3.05000000,4362.81000000,3.145
1749263104,3.04900000,274.26000000,3.145
1749263104,3.04800000,396.37000000,3.145
1749263104,3.04700000,9.50000000,3.145
1749263104,3.04600000,4.06000000,3.145
1749263406,3.14900000,2956.27000000,3.149
1749263406,3.14800000,4060.79000000,3.149
1749263406,3.14700000,6201.95000000,3.149
1749263406,3.14600000,11345.59000000,3.149
1749263406,3.14500000,12826.47000000,3.149
1749263406,3.14400000,7212.51000000,3.149
1749263406,3.14300000,6913.12000000,3.149
1749263406,3.14200000,2386.28000000,3.149
1749263406,3.14100000,7364.00000000,3.149
1749263406,3.14000000,4788.31000000,3.149
1749263406,3.13900000,1058.18000000,3.149
1749263406,3.13800000,1190.50000000,3.149
1749263406,3.13700000,1044.26000000,3.149
1749263406,3.13600000,10497.61000000,3.149
1749263406,3.13500000,2400.81000000,3.149
1749263406,3.13400000,779.10000000,3.149
1749263406,3.13300000,1413.22000000,3.149
1749263406,3.13200000,6230.55000000,3.149
1749263406,3.13100000,2593.89000000,3.149
1749263406,3.13000000,8835.63000000,3.149
1749263406,3.12900000,1006.68000000,3.149
1749263406,3.12800000,10816.52000000,3.149
1749263406,3.12700000,644.38000000,3.149
1749263406,3.12600000,323.33000000,3.149
1749263406,3.12500000,992.14000000,3.149
1749263406,3.12400000,14430.47000000,3.149
1749263406,3.12300000,844.74000000,3.149
1749263406,3.12200000,16341.71000000,3.149
1749263406,3.12100000,23991.97000000,3.149
1749263406,3.12000000,637.25000000,3.149
1749263406,3.11900000,9.38000000,3.149
1749263406,3.11800000,650.50000000,3.149
1749263406,3.11700000,361.73000000,3.149
1749263406,3.11600000,336.70000000,3.149
1749263406,3.11500000,816.96000000,3.149
1749263406,3.11400000,11247.12000000,3.149
1749263406,3.11300000,399.10000000,3.149
1749263406,3.11200000,706.79000000,3.149
1749263406,3.11100000,317.11000000,3.149
1749263406,3.11000000,2663.04000000,3.149
1749263406,3.10900000,653.09000000,3.149
1749263406,3.10800000,2040.17000000,3.149
1749263406,3.10700000,795.66000000,3.149
1749263406,3.10600000,5.56000000,3.149
1749263406,3.10500000,354.68000000,3.149
1749263406,3.10400000,404.04000000,3.149
1749263406,3.10300000,19.68000000,3.149
1749263406,3.10200000,131.33000000,3.149
1749263406,3.10100000,343.66000000,3.149
1749263406,3.10000000,41443.85000000,3.149
1749263406,3.09900000,8519.61000000,3.149
1749263406,3.09800000,336.40000000,3.149
1749263406,3.09700000,2676.07000000,3.149
1749263406,3.09600000,61.13000000,3.149
1749263406,3.09500000,13.15000000,3.149
1749263406,3.09400000,670.20000000,3.149
1749263406,3.09300000,201.02000000,3.149
1749263406,3.09200000,106.12000000,3.149
1749263406,3.09100000,10.07000000,3.149
1749263406,3.09000000,771.72000000,3.149
1749263406,3.08900000,149.06000000,3.149
1749263406,3.08800000,106462.31000000,3.149
1749263406,3.08700000,22.21000000,3.149
1749263406,3.08600000,47.85000000,3.149
1749263406,3.08500000,108.06000000,3.149
1749263406,3.08400000,9.50000000,3.149
1749263406,3.08300000,12.42000000,3.149
1749263406,3.08200000,8.06000000,3.149
1749263406,3.08100000,297.31000000,3.149
1749263406,3.08000000,1395.51000000,3.149
1749263406,3.07900000,21.87000000,3.149
1749263406,3.07800000,166.19000000,3.149
1749263406,3.07700000,30.69000000,3.149
1749263406,3.07600000,32.34000000,3.149
1749263406,3.07500000,2638.85000000,3.149
1749263406,3.07400000,8.55000000,3.149
1749263406,3.07300000,4.39000000,3.149
1749263406,3.07200000,32.67000000,3.149
1749263406,3.07100000,45.16000000,3.149
1749263406,3.07000000,1515.50000000,3.149
1749263406,3.06900000,35.77000000,3.149
1749263406,3.06800000,70.61000000,3.149
1749263406,3.06700000,163.20000000,3.149
1749263406,3.06600000,131.56000000,3.149
1749263406,3.06500000,2.89000000,3.149
1749263406,3.06400000,39.72000000,3.149
1749263406,3.06300000,47.51000000,3.149
1749263406,3.06200000,63.62000000,3.149
1749263406,3.06100000,11.54000000,3.149
1749263406,3.06000000,18920.24000000,3.149
1749263406,3.05900000,6.64000000,3.149
1749263406,3.05800000,4.36000000,3.149
1749263406,3.05700000,13.06000000,3.149
1749263406,3.05600000,13.41000000,3.149
1749263406,3.05500000,546.52000000,3.149
1749263406,3.05400000,106.99000000,3.149
1749263406,3.05300000,285.31000000,3.149
1749263406,3.05200000,70.11000000,3.149
1749263406,3.05100000,2793.96000000,3.149
1749263406,3.05000000,4362.81000000,3.149
1749263708,3.14400000,1785.11000000,3.145
1749263708,3.14300000,3440.59000000,3.145
1749263708,3.14200000,5652.86000000,3.145
1749263708,3.14100000,6817.64000000,3.145
1749263708,3.14000000,10810.10000000,3.145
1749263708,3.13900000,11579.39000000,3.145
1749263708,3.13800000,8505.44000000,3.145
1749263708,3.13700000,3096.65000000,3.145
1749263708,3.13600000,4782.52000000,3.145
1749263708,3.13500000,1058.10000000,3.145
1749263708,3.13400000,3337.95000000,3.145
1749263708,3.13300000,1546.64000000,3.145
1749263708,3.13200000,17069.51000000,3.145
1749263708,3.13100000,1098.21000000,3.145
1749263708,3.13000000,8877.79000000,3.145
1749263708,3.12900000,1283.65000000,3.145
1749263708,3.12800000,10816.52000000,3.145
1749263708,3.12700000,1853.33000000,3.145
1749263708,3.12600000,325.49000000,3.145
1749263708,3.12500000,992.14000000,3.145
1749263708,3.12400000,14430.47000000,3.145
1749263708,3.12300000,844.74000000,3.145
1749263708,3.12200000,338.74000000,3.145
1749263708,3.12100000,658.70000000,3.145
1749263708,3.12000000,637.25000000,3.145
1749263708,3.11900000,9.38000000,3.145
1749263708,3.11800000,16674.00000000,3.145
1749263708,3.11700000,360.00000000,3.145
1749263708,3.11600000,338.86000000,3.145
1749263708,3.11500000,816.96000000,3.145
1749263708,3.11400000,11247.12000000,3.145
1749263708,3.11300000,399.10000000,3.145
1749263708,3.11200000,706.79000000,3.145
1749263708,3.11100000,317.11000000,3.145
1749263708,3.11000000,2663.04000000,3.145
1749263708,3.10900000,653.09000000,3.145
1749263708,3.10800000,2040.17000000,3.145
1749263708,3.10700000,795.66000000,3.145
1749263708,3.10600000,5.56000000,3.145
1749263708,3.10500000,354.68000000,3.145
1749263708,3.10400000,1904.15000000,3.145
1749263708,3.10300000,274.65000000,3.145
1749263708,3.10200000,441.83000000,3.145
1749263708,3.10100000,343.66000000,3.145
1749263708,3.10000000,5987.46000000,3.145
1749263708,3.09900000,8534.23000000,3.145
1749263708,3.09800000,37388.90000000,3.145
1749263708,3.09700000,2761.49000000,3.145
1749263708,3.09600000,61.13000000,3.145
1749263708,3.09500000,13.15000000,3.145
1749263708,3.09400000,670.20000000,3.145
1749263708,3.09300000,201.02000000,3.145
1749263708,3.09200000,106.12000000,3.145
1749263708,3.09100000,10.07000000,3.145
1749263708,3.09000000,771.72000000,3.145
1749263708,3.08900000,149.06000000,3.145
1749263708,3.08800000,1710.58000000,3.145
1749263708,3.08700000,11.73000000,3.145
1749263708,3.08600000,47.85000000,3.145
1749263708,3.08500000,99.97000000,3.145
1749263708,3.08400000,9.50000000,3.145
1749263708,3.08300000,12.42000000,3.145
1749263708,3.08200000,1578.11000000,3.145
1749263708,3.08100000,441.30000000,3.145
1749263708,3.08000000,1395.51000000,3.145
1749263708,3.07900000,21.87000000,3.145
1749263708,3.07800000,166.19000000,3.145
1749263708,3.07700000,30.69000000,3.145
1749263708,3.07600000,32.34000000,3.145
1749263708,3.07500000,2638.85000000,3.145
1749263708,3.07400000,8.55000000,3.145
1749263708,3.07300000,7.57000000,3.145
1749263708,3.07200000,35.85000000,3.145
1749263708,3.07100000,48.34000000,3.145
1749263708,3.07000000,1518.68000000,3.145
1749263708,3.06900000,38.95000000,3.145
1749263708,3.06800000,70.61000000,3.145
1749263708,3.06700000,163.20000000,3.145
1749263708,3.06600000,131.56000000,3.145
1749263708,3.06500000,2.89000000,3.145
1749263708,3.06400000,39.72000000,3.145
1749263708,3.06300000,47.51000000,3.145
1749263708,3.06200000,63.62000000,3.145
1749263708,3.06100000,11.54000000,3.145
1749263708,3.06000000,18920.24000000,3.145
1749263708,3.05900000,6.64000000,3.145
1749263708,3.05800000,4.36000000,3.145
1749263708,3.05700000,13.06000000,3.145
1749263708,3.05600000,13.41000000,3.145
1749263708,3.05500000,546.52000000,3.145
1749263708,3.05400000,106.99000000,3.145
1749263708,3.05300000,285.31000000,3.145
1749263708,3.05200000,70.11000000,3.145
1749263708,3.05100000,2793.96000000,3.145
1749263708,3.05000000,4362.81000000,3.145
1749263708,3.04900000,274.26000000,3.145
1749263708,3.04800000,396.37000000,3.145
1749263708,3.04700000,9.50000000,3.145
1749263708,3.04600000,4.06000000,3.145
1749263708,3.04500000,199.03000000,3.145
1749264009,3.14500000,207.32000000,3.146
1749264009,3.14400000,2610.15000000,3.146
1749264009,3.14300000,6069.79000000,3.146
1749264009,3.14200000,10845.76000000,3.146
1749264009,3.14100000,9902.59000000,3.146
1749264009,3.14000000,11536.82000000,3.146
1749264009,3.13900000,7015.54000000,3.146
1749264009,3.13800000,4890.00000000,3.146
1749264009,3.13700000,4327.89000000,3.146
1749264009,3.13600000,938.69000000,3.146
1749264009,3.13500000,3852.72000000,3.146
1749264009,3.13400000,10341.07000000,3.146
1749264009,3.13300000,2787.28000000,3.146
1749264009,3.13200000,6257.03000000,3.146
1749264009,3.13100000,1098.21000000,3.146
1749264009,3.13000000,8877.79000000,3.146
1749264009,3.12900000,1283.65000000,3.146
1749264009,3.12800000,10816.52000000,3.146
1749264009,3.12700000,1853.33000000,3.146
1749264009,3.12600000,325.49000000,3.146
1749264009,3.12500000,992.14000000,3.146
1749264009,3.12400000,14430.47000000,3.146
1749264009,3.12300000,844.74000000,3.146
1749264009,3.12200000,338.74000000,3.146
1749264009,3.12100000,658.70000000,3.146
1749264009,3.12000000,637.25000000,3.146
1749264009,3.11900000,9.38000000,3.146
1749264009,3.11800000,16674.00000000,3.146
1749264009,3.11700000,24001.51000000,3.146
1749264009,3.11600000,338.86000000,3.146
1749264009,3.11500000,816.96000000,3.146
1749264009,3.11400000,11247.12000000,3.146
1749264009,3.11300000,399.10000000,3.146
1749264009,3.11200000,706.79000000,3.146
1749264009,3.11100000,317.11000000,3.146
1749264009,3.11000000,2663.04000000,3.146
1749264009,3.10900000,653.09000000,3.146
1749264009,3.10800000,2040.17000000,3.146
1749264009,3.10700000,795.66000000,3.146
1749264009,3.10600000,5.56000000,3.146
1749264009,3.10500000,354.68000000,3.146
1749264009,3.10400000,714.54000000,3.146
1749264009,3.10300000,19.68000000,3.146
1749264009,3.10200000,441.83000000,3.146
1749264009,3.10100000,343.66000000,3.146
1749264009,3.10000000,5997.46000000,3.146
1749264009,3.09900000,8519.61000000,3.146
1749264009,3.09800000,35815.68000000,3.146
1749264009,3.09700000,2676.07000000,3.146
1749264009,3.09600000,61.13000000,3.146
1749264009,3.09500000,13.15000000,3.146
1749264009,3.09400000,670.20000000,3.146
1749264009,3.09300000,201.02000000,3.146
1749264009,3.09200000,7.40000000,3.146
1749264009,3.09100000,10.07000000,3.146
1749264009,3.09000000,771.72000000,3.146
1749264009,3.08900000,157.14000000,3.146
1749264009,3.08800000,1710.58000000,3.146
1749264009,3.08700000,5.46000000,3.146
1749264009,3.08600000,47.85000000,3.146
1749264009,3.08500000,102568.73000000,3.146
1749264009,3.08400000,9.50000000,3.146
1749264009,3.08300000,12.42000000,3.146
1749264009,3.08200000,8.06000000,3.146
1749264009,3.08100000,396.03000000,3.146
1749264009,3.08000000,1395.51000000,3.146
1749264009,3.07900000,21.87000000,3.146
1749264009,3.07800000,166.19000000,3.146
1749264009,3.07700000,30.69000000,3.146
1749264009,3.07600000,32.34000000,3.146
1749264009,3.07500000,2638.85000000,3.146
1749264009,3.07400000,8.55000000,3.146
1749264009,3.07300000,7.57000000,3.146
1749264009,3.07200000,35.85000000,3.146
1749264009,3.07100000,48.34000000,3.146
1749264009,3.07000000,1518.68000000,3.146
1749264009,3.06900000,35.77000000,3.146
1749264009,3.06800000,70.61000000,3.146
1749264009,3.06700000,163.20000000,3.146
1749264009,3.06600000,131.56000000,3.146
1749264009,3.06500000,2.89000000,3.146
1749264009,3.06400000,39.72000000,3.146
1749264009,3.06300000,47.51000000,3.146
1749264009,3.06200000,63.62000000,3.146
1749264009,3.06100000,20.34000000,3.146
1749264009,3.06000000,18920.24000000,3.146
1749264009,3.05900000,6.64000000,3.146
1749264009,3.05800000,4.36000000,3.146
1749264009,3.05700000,13.06000000,3.146
1749264009,3.05600000,13.41000000,3.146
1749264009,3.05500000,546.52000000,3.146
1749264009,3.05400000,106.99000000,3.146
1749264009,3.05300000,285.31000000,3.146
1749264009,3.05200000,70.11000000,3.146
1749264009,3.05100000,2793.96000000,3.146
1749264009,3.05000000,4372.81000000,3.146
1749264009,3.04900000,274.26000000,3.146
1749264009,3.04800000,396.37000000,3.146
1749264009,3.04700000,9.50000000,3.146
1749264009,3.04600000,4.06000000,3.146
1749264311,3.14200000,1668.94000000,3.143
1749264311,3.14100000,3456.78000000,3.143
1749264311,3.14000000,4957.47000000,3.143
1749264311,3.13900000,12131.16000000,3.143
1749264311,3.13800000,10865.55000000,3.143
1749264311,3.13700000,7439.15000000,3.143
1749264311,3.13600000,8142.31000000,3.143
1749264311,3.13500000,5674.04000000,3.143
1749264311,3.13400000,3606.48000000,3.143
1749264311,3.13300000,1419.02000000,3.143
1749264311,3.13200000,4033.83000000,3.143
1749264311,3.13100000,1492.44000000,3.143
1749264311,3.13000000,10321.35000000,3.143
1749264311,3.12900000,1138.60000000,3.143
1749264311,3.12800000,447.54000000,3.143
1749264311,3.12700000,8520.97000000,3.143
1749264311,3.12600000,331.72000000,3.143
1749264311,3.12500000,1269.46000000,3.143
1749264311,3.12400000,22626.37000000,3.143
1749264311,3.12300000,844.74000000,3.143
1749264311,3.12200000,10842.83000000,3.143
1749264311,3.12100000,658.70000000,3.143
1749264311,3.12000000,637.25000000,3.143
1749264311,3.11900000,9.38000000,3.143
1749264311,3.11800000,650.50000000,3.143
1749264311,3.11700000,363.64000000,3.143
1749264311,3.11600000,437.58000000,3.143
1749264311,3.11500000,816.96000000,3.143
1749264311,3.11400000,50646.36000000,3.143
1749264311,3.11300000,399.10000000,3.143
1749264311,3.11200000,669.09000000,3.143
1749264311,3.11100000,317.11000000,3.143
1749264311,3.11000000,2711.09000000,3.143
1749264311,3.10900000,653.09000000,3.143
1749264311,3.10800000,2040.17000000,3.143
1749264311,3.10700000,795.66000000,3.143
1749264311,3.10600000,5.56000000,3.143
1749264311,3.10500000,354.68000000,3.143
1749264311,3.10400000,1053.04000000,3.143
1749264311,3.10300000,334.65000000,3.143
1749264311,3.10200000,1233.47000000,3.143
1749264311,3.10100000,375.85000000,3.143
1749264311,3.10000000,5997.46000000,3.143
1749264311,3.09900000,6825.04000000,3.143
1749264311,3.09800000,35984.84000000,3.143
1749264311,3.09700000,3466.17000000,3.143
1749264311,3.09600000,761.19000000,3.143
1749264311,3.09500000,13.15000000,3.143
1749264311,3.09400000,702.46000000,3.143
1749264311,3.09300000,7.09000000,3.143
1749264311,3.09200000,7.40000000,3.143
1749264311,3.09100000,1709.02000000,3.143
1749264311,3.09000000,771.72000000,3.143
1749264311,3.08900000,157.14000000,3.143
1749264311,3.08800000,1710.58000000,3.143
1749264311,3.08700000,199.76000000,3.143
1749264311,3.08600000,47.85000000,3.143
1749264311,3.08500000,198.69000000,3.143
1749264311,3.08400000,17.81000000,3.143
1749264311,3.08300000,106826.92000000,3.143
1749264311,3.08200000,479.24000000,3.143
1749264311,3.08100000,894.34000000,3.143
1749264311,3.08000000,2056.49000000,3.143
1749264311,3.07900000,21.87000000,3.143
1749264311,3.07800000,166.19000000,3.143
1749264311,3.07700000,30.69000000,3.143
1749264311,3.07600000,32.34000000,3.143
1749264311,3.07500000,2638.85000000,3.143
1749264311,3.07400000,8.55000000,3.143
1749264311,3.07300000,7.57000000,3.143
1749264311,3.07200000,35.85000000,3.143
1749264311,3.07100000,48.34000000,3.143
1749264311,3.07000000,1518.68000000,3.143
1749264311,3.06900000,38.95000000,3.143
1749264311,3.06800000,73.79000000,3.143
1749264311,3.06700000,166.39000000,3.143
1749264311,3.06600000,131.56000000,3.143
1749264311,3.06500000,2.89000000,3.143
1749264311,3.06400000,39.72000000,3.143
1749264311,3.06300000,47.51000000,3.143
1749264311,3.06200000,63.62000000,3.143
1749264311,3.06100000,11.54000000,3.143
1749264311,3.06000000,18920.24000000,3.143
1749264311,3.05900000,6.64000000,3.143
1749264311,3.05800000,4.36000000,3.143
1749264311,3.05700000,13.06000000,3.143
1749264311,3.05600000,13.41000000,3.143
1749264311,3.05500000,546.52000000,3.143
1749264311,3.05400000,106.99000000,3.143
1749264311,3.05300000,285.31000000,3.143
1749264311,3.05200000,70.11000000,3.143
1749264311,3.05100000,2793.96000000,3.143
1749264311,3.05000000,4447.08000000,3.143
1749264311,3.04900000,274.26000000,3.143
1749264311,3.04800000,396.37000000,3.143
1749264311,3.04700000,9.50000000,3.143
1749264311,3.04600000,4.06000000,3.143
1749264311,3.04500000,199.03000000,3.143
1749264311,3.04400000,490.58000000,3.143
1749264311,3.04300000,47.89000000,3.143
1749264613,3.14700000,4897.98000000,3.147
1749264613,3.14600000,4053.29000000,3.147
1749264613,3.14500000,5725.66000000,3.147
1749264613,3.14400000,12416.80000000,3.147
1749264613,3.14300000,9834.66000000,3.147
1749264613,3.14200000,12316.14000000,3.147
1749264613,3.14100000,6506.07000000,3.147
1749264613,3.14000000,4753.28000000,3.147
1749264613,3.13900000,6034.65000000,3.147
1749264613,3.13800000,1191.18000000,3.147
1749264613,3.13700000,4532.55000000,3.147
1749264613,3.13600000,958.73000000,3.147
1749264613,3.13500000,2295.22000000,3.147
1749264613,3.13400000,10349.22000000,3.147
1749264613,3.13300000,1172.21000000,3.147
1749264613,3.13200000,878.13000000,3.147
1749264613,3.13100000,1420.01000000,3.147
1749264613,3.13000000,654.53000000,3.147
1749264613,3.12900000,1657.70000000,3.147
1749264613,3.12800000,316.07000000,3.147
1749264613,3.12700000,7276.70000000,3.147
1749264613,3.12600000,329.13000000,3.147
1749264613,3.12500000,992.14000000,3.147
1749264613,3.12400000,22626.37000000,3.147
1749264613,3.12300000,844.74000000,3.147
1749264613,3.12200000,10842.83000000,3.147
1749264613,3.12100000,658.70000000,3.147
1749264613,3.12000000,637.25000000,3.147
1749264613,3.11900000,39829.08000000,3.147
1749264613,3.11800000,650.50000000,3.147
1749264613,3.11700000,363.64000000,3.147
1749264613,3.11600000,437.58000000,3.147
1749264613,3.11500000,816.96000000,3.147
1749264613,3.11400000,11247.12000000,3.147
1749264613,3.11300000,399.10000000,3.147
1749264613,3.11200000,669.09000000,3.147
1749264613,3.11100000,317.11000000,3.147
1749264613,3.11000000,2711.09000000,3.147
1749264613,3.10900000,653.09000000,3.147
1749264613,3.10800000,2040.17000000,3.147
1749264613,3.10700000,485.16000000,3.147
1749264613,3.10600000,356.34000000,3.147
1749264613,3.10500000,1137.30000000,3.147
1749264613,3.10400000,404.04000000,3.147
1749264613,3.10300000,19.68000000,3.147
1749264613,3.10200000,131.33000000,3.147
1749264613,3.10100000,343.66000000,3.147
1749264613,3.10000000,6498.58000000,3.147
1749264613,3.09900000,7981.86000000,3.147
1749264613,3.09800000,2031.51000000,3.147
1749264613,3.09700000,38166.81000000,3.147
1749264613,3.09600000,61.13000000,3.147
1749264613,3.09500000,13.15000000,3.147
1749264613,3.09400000,670.20000000,3.147
1749264613,3.09300000,7.09000000,3.147
1749264613,3.09200000,7.40000000,3.147
1749264613,3.09100000,10.07000000,3.147
1749264613,3.09000000,771.72000000,3.147
1749264613,3.08900000,162.94000000,3.147
1749264613,3.08800000,1710.58000000,3.147
1749264613,3.08700000,298.48000000,3.147
1749264613,3.08600000,102278.13000000,3.147
1749264613,3.08500000,99.97000000,3.147
1749264613,3.08400000,490.86000000,3.147
1749264613,3.08300000,1258.89000000,3.147
1749264613,3.08200000,8.06000000,3.147
1749264613,3.08100000,297.31000000,3.147
1749264613,3.08000000,1395.51000000,3.147
1749264613,3.07900000,21.87000000,3.147
1749264613,3.07800000,166.19000000,3.147
1749264613,3.07700000,30.69000000,3.147
1749264613,3.07600000,32.34000000,3.147
1749264613,3.07500000,2638.85000000,3.147
1749264613,3.07400000,8.55000000,3.147
1749264613,3.07300000,7.57000000,3.147
1749264613,3.07200000,35.85000000,3.147
1749264613,3.07100000,45.16000000,3.147
1749264613,3.07000000,1515.50000000,3.147
1749264613,3.06900000,33.81000000,3.147
1749264613,3.06800000,70.61000000,3.147
1749264613,3.06700000,163.20000000,3.147
1749264613,3.06600000,131.56000000,3.147
1749264613,3.06500000,2.89000000,3.147
1749264613,3.06400000,39.72000000,3.147
1749264613,3.06300000,47.51000000,3.147
1749264613,3.06200000,63.62000000,3.147
1749264613,3.06100000,11.54000000,3.147
1749264613,3.06000000,18920.24000000,3.147
1749264613,3.05900000,6.64000000,3.147
1749264613,3.05800000,4.36000000,3.147
1749264613,3.05700000,13.06000000,3.147
1749264613,3.05600000,13.41000000,3.147
1749264613,3.05500000,546.52000000,3.147
1749264613,3.05400000,106.99000000,3.147
1749264613,3.05300000,285.31000000,3.147
1749264613,3.05200000,70.11000000,3.147
1749264613,3.05100000,2793.96000000,3.147
1749264613,3.05000000,4447.08000000,3.147
1749264613,3.04900000,274.26000000,3.147
1749264613,3.04800000,396.37000000,3.147
1749264914,3.15200000,1434.98000000,3.153
1749264914,3.15100000,3743.36000000,3.153
1749264914,3.15000000,6793.17000000,3.153
1749264914,3.14900000,12270.96000000,3.153
1749264914,3.14800000,9735.39000000,3.153
1749264914,3.14700000,9274.34000000,3.153
1749264914,3.14600000,6156.63000000,3.153
1749264914,3.14500000,6330.23000000,3.153
1749264914,3.14400000,2381.79000000,3.153
1749264914,3.14300000,5571.83000000,3.153
1749264914,3.14200000,4819.65000000,3.153
1749264914,3.14100000,928.31000000,3.153
1749264914,3.14000000,10345.53000000,3.153
1749264914,3.13900000,1498.40000000,3.153
1749264914,3.13800000,858.35000000,3.153
1749264914,3.13700000,1059.90000000,3.153
1749264914,3.13600000,934.41000000,3.153
1749264914,3.13500000,2374.77000000,3.153
1749264914,3.13400000,989.21000000,3.153
1749264914,3.13300000,6466.73000000,3.153
1749264914,3.13200000,410.28000000,3.153
1749264914,3.13100000,9319.48000000,3.153
1749264914,3.13000000,546.81000000,3.153
1749264914,3.12900000,679.72000000,3.153
1749264914,3.12800000,316.07000000,3.153
1749264914,3.12700000,644.38000000,3.153
1749264914,3.12600000,330.99000000,3.153
1749264914,3.12500000,16979.75000000,3.153
1749264914,3.12400000,38293.33000000,3.153
1749264914,3.12300000,844.74000000,3.153
1749264914,3.12200000,10842.83000000,3.153
1749264914,3.12100000,671.33000000,3.153
1749264914,3.12000000,639.11000000,3.153
1749264914,3.11900000,9.38000000,3.153
1749264914,3.11800000,658.93000000,3.153
1749264914,3.11700000,404.92000000,3.153
1749264914,3.11600000,437.58000000,3.153
1749264914,3.11500000,2502.82000000,3.153
1749264914,3.11400000,11375.56000000,3.153
1749264914,3.11300000,399.10000000,3.153
1749264914,3.11200000,760.70000000,3.153
1749264914,3.11100000,889.91000000,3.153
1749264914,3.11000000,2669.72000000,3.153
1749264914,3.10900000,653.09000000,3.153
1749264914,3.10800000,466.12000000,3.153
1749264914,3.10700000,2357.13000000,3.153
1749264914,3.10600000,1318.98000000,3.153
1749264914,3.10500000,618.09000000,3.153
1749264914,3.10400000,404.04000000,3.153
1749264914,3.10300000,19.68000000,3.153
1749264914,3.10200000,434.04000000,3.153
1749264914,3.10100000,343.66000000,3.153
1749264914,3.10000000,6772.08000000,3.153
1749264914,3.09900000,6825.04000000,3.153
1749264914,3.09800000,336.40000000,3.153
1749264914,3.09700000,38166.81000000,3.153
1749264914,3.09600000,61.13000000,3.153
1749264914,3.09500000,13.15000000,3.153
1749264914,3.09400000,7.32000000,3.153
1749264914,3.09300000,201.02000000,3.153
1749264914,3.09200000,104380.48000000,3.153
1749264914,3.09100000,10.07000000,3.153
1749264914,3.09000000,826.31000000,3.153
1749264914,3.08900000,157.14000000,3.153
1749264914,3.08800000,1710.58000000,3.153
1749264914,3.08700000,206.03000000,3.153
1749264914,3.08600000,222.32000000,3.153
1749264914,3.08500000,99.97000000,3.153
1749264914,3.08400000,1507.65000000,3.153
1749264914,3.08300000,12.42000000,3.153
1749264914,3.08200000,8.06000000,3.153
1749264914,3.08100000,200.91000000,3.153
1749264914,3.08000000,1395.51000000,3.153
1749264914,3.07900000,21.87000000,3.153
1749264914,3.07800000,166.19000000,3.153
1749264914,3.07700000,30.69000000,3.153
1749264914,3.07600000,29.16000000,3.153
1749264914,3.07500000,2635.67000000,3.153
1749264914,3.07400000,5.37000000,3.153
1749264914,3.07300000,4.39000000,3.153
1749264914,3.07200000,32.67000000,3.153
1749264914,3.07100000,45.16000000,3.153
1749264914,3.07000000,1515.50000000,3.153
1749264914,3.06900000,33.81000000,3.153
1749264914,3.06800000,70.61000000,3.153
1749264914,3.06700000,163.20000000,3.153
1749264914,3.06600000,131.56000000,3.153
1749264914,3.06500000,2.89000000,3.153
1749264914,3.06400000,39.72000000,3.153
1749264914,3.06300000,324.94000000,3.153
1749264914,3.06200000,63.62000000,3.153
1749264914,3.06100000,11.54000000,3.153
1749264914,3.06000000,18920.24000000,3.153
1749264914,3.05900000,6.64000000,3.153
1749264914,3.05800000,4.36000000,3.153
1749264914,3.05700000,13.06000000,3.153
1749264914,3.05600000,13.41000000,3.153
1749264914,3.05500000,546.52000000,3.153
1749264914,3.05400000,106.99000000,3.153
1749264914,3.05300000,6.91000000,3.153
1749265221,3.15500000,2598.87000000,3.155
1749265221,3.15400000,2987.81000000,3.155
1749265221,3.15300000,6395.75000000,3.155
1749265221,3.15200000,7011.42000000,3.155
1749265221,3.15100000,10637.18000000,3.155
1749265221,3.15000000,13445.89000000,3.155
1749265221,3.14900000,8916.94000000,3.155
1749265221,3.14800000,1974.07000000,3.155
1749265221,3.14700000,1404.62000000,3.155
1749265221,3.14600000,8482.49000000,3.155
1749265221,3.14500000,2021.93000000,3.155
1749265221,3.14400000,3935.48000000,3.155
1749265221,3.14300000,2576.97000000,3.155
1749265221,3.14200000,838.63000000,3.155
1749265221,3.14100000,10603.54000000,3.155
1749265221,3.14000000,838.79000000,3.155
1749265221,3.13900000,1190.68000000,3.155
1749265221,3.13800000,858.35000000,3.155
1749265221,3.13700000,1059.90000000,3.155
1749265221,3.13600000,934.41000000,3.155
1749265221,3.13500000,1401.60000000,3.155
1749265221,3.13400000,1529.08000000,3.155
1749265221,3.13300000,6137.38000000,3.155
1749265221,3.13200000,410.28000000,3.155
1749265221,3.13100000,8999.95000000,3.155
1749265221,3.13000000,11047.26000000,3.155
1749265221,3.12900000,679.72000000,3.155
1749265221,3.12800000,316.07000000,3.155
1749265221,3.12700000,23711.96000000,3.155
1749265221,3.12600000,16313.49000000,3.155
1749265221,3.12500000,992.14000000,3.155
1749265221,3.12400000,14365.78000000,3.155
1749265221,3.12300000,844.74000000,3.155
1749265221,3.12200000,342.38000000,3.155
1749265221,3.12100000,687.13000000,3.155
1749265221,3.12000000,639.11000000,3.155
1749265221,3.11900000,9.38000000,3.155
1749265221,3.11800000,650.50000000,3.155
1749265221,3.11700000,426.00000000,3.155
1749265221,3.11600000,437.58000000,3.155
1749265221,3.11500000,2502.82000000,3.155
1749265221,3.11400000,11375.56000000,3.155
1749265221,3.11300000,431.16000000,3.155
1749265221,3.11200000,760.70000000,3.155
1749265221,3.11100000,889.91000000,3.155
1749265221,3.11000000,2669.72000000,3.155
1749265221,3.10900000,374.69000000,3.155
1749265221,3.10800000,123.51000000,3.155
1749265221,3.10700000,37455.26000000,3.155
1749265221,3.10600000,1318.98000000,3.155
1749265221,3.10500000,618.09000000,3.155
1749265221,3.10400000,404.04000000,3.155
1749265221,3.10300000,51.85000000,3.155
1749265221,3.10200000,401.86000000,3.155
1749265221,3.10100000,343.66000000,3.155
1749265221,3.10000000,6751.44000000,3.155
1749265221,3.09900000,7018.60000000,3.155
1749265221,3.09800000,339.79000000,3.155
1749265221,3.09700000,2676.07000000,3.155
1749265221,3.09600000,1757.34000000,3.155
1749265221,3.09500000,105709.46000000,3.155
1749265221,3.09400000,7.32000000,3.155
1749265221,3.09300000,7.09000000,3.155
1749265221,3.09200000,7.40000000,3.155
1749265221,3.09100000,10.07000000,3.155
1749265221,3.09000000,826.31000000,3.155
1749265221,3.08900000,157.14000000,3.155
1749265221,3.08800000,108.70000000,3.155
1749265221,3.08700000,134.00000000,3.155
1749265221,3.08600000,189.98000000,3.155
1749265221,3.08500000,99.97000000,3.155
1749265221,3.08400000,1507.65000000,3.155
1749265221,3.08300000,12.42000000,3.155
1749265221,3.08200000,8.06000000,3.155
1749265221,3.08100000,200.91000000,3.155
1749265221,3.08000000,1395.51000000,3.155
1749265221,3.07900000,18.70000000,3.155
1749265221,3.07800000,163.02000000,3.155
1749265221,3.07700000,27.51000000,3.155
1749265221,3.07600000,29.16000000,3.155
1749265221,3.07500000,2635.67000000,3.155
1749265221,3.07400000,5.37000000,3.155
1749265221,3.07300000,4.39000000,3.155
1749265221,3.07200000,32.67000000,3.155
1749265221,3.07100000,45.16000000,3.155
1749265221,3.07000000,1515.50000000,3.155
1749265221,3.06900000,33.81000000,3.155
1749265221,3.06800000,70.61000000,3.155
1749265221,3.06700000,163.20000000,3.155
1749265221,3.06600000,131.56000000,3.155
1749265221,3.06500000,2.89000000,3.155
1749265221,3.06400000,39.72000000,3.155
1749265221,3.06300000,324.94000000,3.155
1749265221,3.06200000,63.62000000,3.155
1749265221,3.06100000,11.54000000,3.155
1749265221,3.06000000,18920.24000000,3.155
1749265221,3.05900000,6.64000000,3.155
1749265221,3.05800000,4.36000000,3.155
1749265221,3.05700000,13.06000000,3.155
1749265221,3.05600000,13.41000000,3.155
1749265523,3.15800000,2064.54000000,3.158
1749265523,3.15700000,3185.18000000,3.158
1749265523,3.15600000,5539.78000000,3.158
1749265523,3.15500000,5939.36000000,3.158
1749265523,3.15400000,16917.00000000,3.158
1749265523,3.15300000,4397.77000000,3.158
1749265523,3.15200000,8467.50000000,3.158
1749265523,3.15100000,4122.32000000,3.158
1749265523,3.15000000,4365.30000000,3.158
1749265523,3.14900000,4590.71000000,3.158
1749265523,3.14800000,4370.53000000,3.158
1749265523,3.14700000,1114.28000000,3.158
1749265523,3.14600000,10339.77000000,3.158
1749265523,3.14500000,984.82000000,3.158
1749265523,3.14400000,936.64000000,3.158
1749265523,3.14300000,1037.63000000,3.158
1749265523,3.14200000,3053.21000000,3.158
1749265523,3.14100000,659.33000000,3.158
1749265523,3.14000000,397.64000000,3.158
1749265523,3.13900000,6490.04000000,3.158
1749265523,3.13800000,8628.59000000,3.158
1749265523,3.13700000,661.44000000,3.158
1749265523,3.13600000,537.49000000,3.158
1749265523,3.13500000,678.82000000,3.158
1749265523,3.13400000,317.94000000,3.158
1749265523,3.13300000,14500.93000000,3.158
1749265523,3.13200000,16362.16000000,3.158
1749265523,3.13100000,1027.42000000,3.158
1749265523,3.13000000,34711.82000000,3.158
1749265523,3.12900000,711.62000000,3.158
1749265523,3.12800000,322.37000000,3.158
1749265523,3.12700000,646.46000000,3.158
1749265523,3.12600000,361.76000000,3.158
1749265523,3.12500000,1262.62000000,3.158
1749265523,3.12400000,377.00000000,3.158
1749265523,3.12300000,844.74000000,3.158
1749265523,3.12200000,2020.98000000,3.158
1749265523,3.12100000,1225.95000000,3.158
1749265523,3.12000000,767.31000000,3.158
1749265523,3.11900000,9.38000000,3.158
1749265523,3.11800000,2916.39000000,3.158
1749265523,3.11700000,2048.42000000,3.158
1749265523,3.11600000,433.86000000,3.158
1749265523,3.11500000,1389.03000000,3.158
1749265523,3.11400000,12419.82000000,3.158
1749265523,3.11300000,399.10000000,3.158
1749265523,3.11200000,669.09000000,3.158
1749265523,3.11100000,40.30000000,3.158
1749265523,3.11000000,214.70000000,3.158
1749265523,3.10900000,342.59000000,3.158
1749265523,3.10800000,1713.23000000,3.158
1749265523,3.10700000,35732.94000000,3.158
1749265523,3.10600000,5.56000000,3.158
1749265523,3.10500000,237.37000000,3.158
1749265523,3.10400000,404.04000000,3.158
1749265523,3.10300000,19.68000000,3.158
1749265523,3.10200000,136.68000000,3.158
1749265523,3.10100000,343.66000000,3.158
1749265523,3.10000000,5401.99000000,3.158
1749265523,3.09900000,6825.04000000,3.158
1749265523,3.09800000,346.08000000,3.158
1749265523,3.09700000,109077.08000000,3.158
1749265523,3.09600000,2305.47000000,3.158
1749265523,3.09500000,14.77000000,3.158
1749265523,3.09400000,103.32000000,3.158
1749265523,3.09300000,7.09000000,3.158
1749265523,3.09200000,1143.14000000,3.158
1749265523,3.09100000,10.07000000,3.158
1749265523,3.09000000,771.72000000,3.158
1749265523,3.08900000,149.06000000,3.158
1749265523,3.08800000,9.98000000,3.158
1749265523,3.08700000,5.46000000,3.158
1749265523,3.08600000,38.13000000,3.158
1749265523,3.08500000,99.97000000,3.158
1749265523,3.08400000,9.50000000,3.158
1749265523,3.08300000,12.42000000,3.158
1749265523,3.08200000,4.89000000,3.158
1749265523,3.08100000,197.74000000,3.158
1749265523,3.08000000,1392.34000000,3.158
1749265523,3.07900000,18.70000000,3.158
1749265523,3.07800000,163.02000000,3.158
1749265523,3.07700000,27.51000000,3.158
1749265523,3.07600000,29.16000000,3.158
1749265523,3.07500000,2635.67000000,3.158
1749265523,3.07400000,5.37000000,3.158
1749265523,3.07300000,280.95000000,3.158
1749265523,3.07200000,32.67000000,3.158
1749265523,3.07100000,45.16000000,3.158
1749265523,3.07000000,1515.50000000,3.158
1749265523,3.06900000,33.81000000,3.158
1749265523,3.06800000,70.61000000,3.158
1749265523,3.06700000,163.20000000,3.158
1749265523,3.06600000,131.56000000,3.158
1749265523,3.06500000,2.89000000,3.158
1749265523,3.06400000,39.72000000,3.158
1749265523,3.06300000,47.51000000,3.158
1749265523,3.06200000,63.62000000,3.158
1749265523,3.06100000,11.54000000,3.158
1749265523,3.06000000,18920.24000000,3.158
1749265523,3.05900000,6.64000000,3.158
1749265825,3.16200000,2838.44000000,3.162
1749265825,3.16100000,2911.46000000,3.162
1749265825,3.16000000,5694.72000000,3.162
1749265825,3.15900000,9004.24000000,3.162
1749265825,3.15800000,12833.03000000,3.162
1749265825,3.15700000,7467.14000000,3.162
1749265825,3.15600000,5617.45000000,3.162
1749265825,3.15500000,2385.91000000,3.162
1749265825,3.15400000,5254.72000000,3.162
1749265825,3.15300000,8188.04000000,3.162
1749265825,3.15200000,1526.99000000,3.162
1749265825,3.15100000,2294.11000000,3.162
1749265825,3.15000000,978.00000000,3.162
1749265825,3.14900000,10629.06000000,3.162
1749265825,3.14800000,772.40000000,3.162
1749265825,3.14700000,1120.67000000,3.162
1749265825,3.14600000,803.17000000,3.162
1749265825,3.14500000,2004.58000000,3.162
1749265825,3.14400000,1212.29000000,3.162
1749265825,3.14300000,1037.63000000,3.162
1749265825,3.14200000,1423.99000000,3.162
1749265825,3.14100000,657.30000000,3.162
1749265825,3.14000000,397.64000000,3.162
1749265825,3.13900000,6088.03000000,3.162
1749265825,3.13800000,19127.12000000,3.162
1749265825,3.13700000,661.44000000,3.162
1749265825,3.13600000,537.49000000,3.162
1749265825,3.13500000,693.40000000,3.162
1749265825,3.13400000,23830.33000000,3.162
1749265825,3.13300000,14500.93000000,3.162
1749265825,3.13200000,16404.65000000,3.162
1749265825,3.13100000,826.19000000,3.162
1749265825,3.13000000,337.79000000,3.162
1749265825,3.12900000,679.72000000,3.162
1749265825,3.12800000,316.07000000,3.162
1749265825,3.12700000,644.38000000,3.162
1749265825,3.12600000,329.83000000,3.162
1749265825,3.12500000,1280.74000000,3.162
1749265825,3.12400000,377.00000000,3.162
1749265825,3.12300000,844.74000000,3.162
1749265825,3.12200000,2020.98000000,3.162
1749265825,3.12100000,1225.95000000,3.162
1749265825,3.12000000,639.11000000,3.162
1749265825,3.11900000,100.79000000,3.162
1749265825,3.11800000,2916.39000000,3.162
1749265825,3.11700000,2048.42000000,3.162
1749265825,3.11600000,465.89000000,3.162
1749265825,3.11500000,1421.07000000,3.162
1749265825,3.11400000,12479.32000000,3.162
1749265825,3.11300000,399.10000000,3.162
1749265825,3.11200000,358.59000000,3.162
1749265825,3.11100000,8.22000000,3.162
1749265825,3.11000000,246.79000000,3.162
1749265825,3.10900000,342.59000000,3.162
1749265825,3.10800000,1569.84000000,3.162
1749265825,3.10700000,35831.66000000,3.162
1749265825,3.10600000,5.56000000,3.162
1749265825,3.10500000,237.37000000,3.162
1749265825,3.10400000,404.04000000,3.162
1749265825,3.10300000,19.68000000,3.162
1749265825,3.10200000,131.33000000,3.162
1749265825,3.10100000,103296.95000000,3.162
1749265825,3.10000000,5401.99000000,3.162
1749265825,3.09900000,6825.04000000,3.162
1749265825,3.09800000,346.08000000,3.162
1749265825,3.09700000,2730.54000000,3.162
1749265825,3.09600000,2305.47000000,3.162
1749265825,3.09500000,14.77000000,3.162
1749265825,3.09400000,39.58000000,3.162
1749265825,3.09300000,7.09000000,3.162
1749265825,3.09200000,1110.86000000,3.162
1749265825,3.09100000,10.07000000,3.162
1749265825,3.09000000,771.72000000,3.162
1749265825,3.08900000,149.06000000,3.162
1749265825,3.08800000,9.98000000,3.162
1749265825,3.08700000,5.46000000,3.162
1749265825,3.08600000,34.96000000,3.162
1749265825,3.08500000,96.80000000,3.162
1749265825,3.08400000,6.33000000,3.162
1749265825,3.08300000,9.25000000,3.162
1749265825,3.08200000,4.89000000,3.162
1749265825,3.08100000,197.74000000,3.162
1749265825,3.08000000,1392.34000000,3.162
1749265825,3.07900000,18.70000000,3.162
1749265825,3.07800000,163.02000000,3.162
1749265825,3.07700000,27.51000000,3.162
1749265825,3.07600000,29.16000000,3.162
1749265825,3.07500000,2635.67000000,3.162
1749265825,3.07400000,5.37000000,3.162
1749265825,3.07300000,280.95000000,3.162
1749265825,3.07200000,32.67000000,3.162
1749265825,3.07100000,45.16000000,3.162
1749265825,3.07000000,1515.50000000,3.162
1749265825,3.06900000,33.81000000,3.162
1749265825,3.06800000,70.61000000,3.162
1749265825,3.06700000,163.20000000,3.162
1749265825,3.06600000,131.56000000,3.162
1749265825,3.06500000,2.89000000,3.162
1749265825,3.06400000,39.72000000,3.162
1749265825,3.06300000,47.51000000,3.162
1749266126,3.16500000,2719.56000000,3.165
1749266126,3.16400000,3925.70000000,3.165
1749266126,3.16300000,7727.09000000,3.165
1749266126,3.16200000,7723.74000000,3.165
1749266126,3.16100000,17316.45000000,3.165
1749266126,3.16000000,5395.85000000,3.165
1749266126,3.15900000,2169.10000000,3.165
1749266126,3.15800000,8116.22000000,3.165
1749266126,3.15700000,4363.27000000,3.165
1749266126,3.15600000,1807.27000000,3.165
1749266126,3.15500000,4263.43000000,3.165
1749266126,3.15400000,1372.33000000,3.165
1749266126,3.15300000,10610.33000000,3.165
1749266126,3.15200000,716.57000000,3.165
1749266126,3.15100000,2505.65000000,3.165
1749266126,3.15000000,1036.24000000,3.165
1749266126,3.14900000,1040.56000000,3.165
1749266126,3.14800000,1175.54000000,3.165
1749266126,3.14700000,1427.76000000,3.165
1749266126,3.14600000,2268.21000000,3.165
1749266126,3.14500000,14387.94000000,3.165
1749266126,3.14400000,474.48000000,3.165
1749266126,3.14300000,642.89000000,3.165
1749266126,3.14200000,278.95000000,3.165
1749266126,3.14100000,349.96000000,3.165
1749266126,3.14000000,397.64000000,3.165
1749266126,3.13900000,662.67000000,3.165
1749266126,3.13800000,10832.50000000,3.165
1749266126,3.13700000,39958.52000000,3.165
1749266126,3.13600000,539.78000000,3.165
1749266126,3.13500000,677.95000000,3.165
1749266126,3.13400000,317.94000000,3.165
1749266126,3.13300000,14500.93000000,3.165
1749266126,3.13200000,408.29000000,3.165
1749266126,3.13100000,748.99000000,3.165
1749266126,3.13000000,337.79000000,3.165
1749266126,3.12900000,2358.04000000,3.165
1749266126,3.12800000,10968.55000000,3.165
1749266126,3.12700000,642.39000000,3.165
1749266126,3.12600000,2516.65000000,3.165
1749266126,3.12500000,1280.74000000,3.165
1749266126,3.12400000,3409.27000000,3.165
1749266126,3.12300000,780.64000000,3.165
1749266126,3.12200000,338.90000000,3.165
1749266126,3.12100000,1225.95000000,3.165
1749266126,3.12000000,635.91000000,3.165
1749266126,3.11900000,100.79000000,3.165
1749266126,3.11800000,2311.11000000,3.165
1749266126,3.11700000,85.16000000,3.165
1749266126,3.11600000,35298.97000000,3.165
1749266126,3.11500000,1078.53000000,3.165
1749266126,3.11400000,122.96000000,3.165
1749266126,3.11300000,88.60000000,3.165
1749266126,3.11200000,358.59000000,3.165
1749266126,3.11100000,8.22000000,3.165
1749266126,3.11000000,125.00000000,3.165
1749266126,3.10900000,342.59000000,3.165
1749266126,3.10800000,40.01000000,3.165
1749266126,3.10700000,455.15000000,3.165
1749266126,3.10600000,5.56000000,3.165
1749266126,3.10500000,105468.99000000,3.165
1749266126,3.10400000,404.04000000,3.165
1749266126,3.10300000,1712.06000000,3.165
1749266126,3.10200000,185.71000000,3.165
1749266126,3.10100000,471.63000000,3.165
1749266126,3.10000000,5398.77000000,3.165
1749266126,3.09900000,6825.04000000,3.165
1749266126,3.09800000,346.08000000,3.165
1749266126,3.09700000,2676.07000000,3.165
1749266126,3.09600000,609.26000000,3.165
1749266126,3.09500000,14.77000000,3.165
1749266126,3.09400000,7.32000000,3.165
1749266126,3.09300000,7.09000000,3.165
1749266126,3.09200000,1110.86000000,3.165
1749266126,3.09100000,10.07000000,3.165
1749266126,3.09000000,768.49000000,3.165
1749266126,3.08900000,145.90000000,3.165
1749266126,3.08800000,6.82000000,3.165
1749266126,3.08700000,2.29000000,3.165
1749266126,3.08600000,34.96000000,3.165
1749266126,3.08500000,96.80000000,3.165
1749266126,3.08400000,6.33000000,3.165
1749266126,3.08300000,9.25000000,3.165
1749266126,3.08200000,4.89000000,3.165
1749266126,3.08100000,197.74000000,3.165
1749266126,3.08000000,1389.10000000,3.165
1749266126,3.07900000,18.70000000,3.165
1749266126,3.07800000,163.02000000,3.165
1749266126,3.07700000,27.51000000,3.165
1749266126,3.07600000,29.16000000,3.165
1749266126,3.07500000,2635.67000000,3.165
1749266126,3.07400000,5.37000000,3.165
1749266126,3.07300000,280.95000000,3.165
1749266126,3.07200000,32.67000000,3.165
1749266126,3.07100000,45.16000000,3.165
1749266126,3.07000000,1512.25000000,3.165
1749266126,3.06900000,33.81000000,3.165
1749266126,3.06800000,70.61000000,3.165
1749266126,3.06700000,163.20000000,3.165
1749266126,3.06600000,131.56000000,3.165
1749266428,3.15700000,1277.28000000,3.157
1749266428,3.15600000,7380.46000000,3.157
1749266428,3.15500000,5372.24000000,3.157
1749266428,3.15400000,7925.05000000,3.157
1749266428,3.15300000,12396.12000000,3.157
1749266428,3.15200000,2844.51000000,3.157
1749266428,3.15100000,4373.35000000,3.157
1749266428,3.15000000,3930.40000000,3.157
1749266428,3.14900000,7902.81000000,3.157
1749266428,3.14800000,1259.63000000,3.157
1749266428,3.14700000,1489.22000000,3.157
1749266428,3.14600000,10310.21000000,3.157
1749266428,3.14500000,14098.59000000,3.157
1749266428,3.14400000,1713.10000000,3.157
1749266428,3.14300000,642.89000000,3.157
1749266428,3.14200000,591.48000000,3.157
1749266428,3.14100000,660.46000000,3.157
1749266428,3.14000000,397.64000000,3.157
1749266428,3.13900000,662.67000000,3.157
1749266428,3.13800000,10832.50000000,3.157
1749266428,3.13700000,661.44000000,3.157
1749266428,3.13600000,798.55000000,3.157
1749266428,3.13500000,939.81000000,3.157
1749266428,3.13400000,317.94000000,3.157
1749266428,3.13300000,30447.72000000,3.157
1749266428,3.13200000,410.71000000,3.157
1749266428,3.13100000,1068.52000000,3.157
1749266428,3.13000000,337.79000000,3.157
1749266428,3.12900000,23816.13000000,3.157
1749266428,3.12800000,10968.55000000,3.157
1749266428,3.12700000,642.39000000,3.157
1749266428,3.12600000,329.83000000,3.157
1749266428,3.12500000,992.14000000,3.157
1749266428,3.12400000,1668.95000000,3.157
1749266428,3.12300000,748.68000000,3.157
1749266428,3.12200000,2020.98000000,3.157
1749266428,3.12100000,1225.95000000,3.157
1749266428,3.12000000,855.49000000,3.157
1749266428,3.11900000,9.38000000,3.157
1749266428,3.11800000,2192.83000000,3.157
1749266428,3.11700000,1777.69000000,3.157
1749266428,3.11600000,35298.97000000,3.157
1749266428,3.11500000,1078.53000000,3.157
1749266428,3.11400000,122.96000000,3.157
1749266428,3.11300000,180.18000000,3.157
1749266428,3.11200000,358.59000000,3.157
1749266428,3.11100000,8.22000000,3.157
1749266428,3.11000000,211.49000000,3.157
1749266428,3.10900000,342.59000000,3.157
1749266428,3.10800000,40.01000000,3.157
1749266428,3.10700000,356.43000000,3.157
1749266428,3.10600000,5.56000000,3.157
1749266428,3.10500000,237.37000000,3.157
1749266428,3.10400000,404.04000000,3.157
1749266428,3.10300000,1712.06000000,3.157
1749266428,3.10200000,163.51000000,3.157
1749266428,3.10100000,439.44000000,3.157
1749266428,3.10000000,5398.77000000,3.157
1749266428,3.09900000,6825.04000000,3.157
1749266428,3.09800000,103478.84000000,3.157
1749266428,3.09700000,2676.07000000,3.157
1749266428,3.09600000,577.02000000,3.157
1749266428,3.09500000,113.49000000,3.157
1749266428,3.09400000,7.32000000,3.157
1749266428,3.09300000,7.09000000,3.157
1749266428,3.09200000,1110.86000000,3.157
1749266428,3.09100000,10.07000000,3.157
1749266428,3.09000000,768.49000000,3.157
1749266428,3.08900000,149.06000000,3.157
1749266428,3.08800000,9.98000000,3.157
1749266428,3.08700000,5.46000000,3.157
1749266428,3.08600000,38.13000000,3.157
1749266428,3.08500000,99.97000000,3.157
1749266428,3.08400000,9.50000000,3.157
1749266428,3.08300000,12.42000000,3.157
1749266428,3.08200000,8.06000000,3.157
1749266428,3.08100000,197.74000000,3.157
1749266428,3.08000000,1389.10000000,3.157
1749266428,3.07900000,18.70000000,3.157
1749266428,3.07800000,163.02000000,3.157
1749266428,3.07700000,27.51000000,3.157
1749266428,3.07600000,29.16000000,3.157
1749266428,3.07500000,2635.67000000,3.157
1749266428,3.07400000,5.37000000,3.157
1749266428,3.07300000,280.95000000,3.157
1749266428,3.07200000,32.67000000,3.157
1749266428,3.07100000,45.16000000,3.157
1749266428,3.07000000,1512.25000000,3.157
1749266428,3.06900000,33.81000000,3.157
1749266428,3.06800000,70.61000000,3.157
1749266428,3.06700000,163.20000000,3.157
1749266428,3.06600000,131.56000000,3.157
1749266428,3.06500000,240.75000000,3.157
1749266428,3.06400000,39.72000000,3.157
1749266428,3.06300000,47.51000000,3.157
1749266428,3.06200000,63.62000000,3.157
1749266428,3.06100000,11.54000000,3.157
1749266428,3.06000000,18916.98000000,3.157
1749266428,3.05900000,6.64000000,3.157
1749266428,3.05800000,4.36000000,3.157
1749266730,3.16100000,192.86000000,3.162
1749266730,3.16000000,3023.29000000,3.162
1749266730,3.15900000,3399.19000000,3.162
1749266730,3.15800000,6828.62000000,3.162
1749266730,3.15700000,10075.88000000,3.162
1749266730,3.15600000,9566.82000000,3.162
1749266730,3.15500000,5764.06000000,3.162
1749266730,3.15400000,8775.36000000,3.162
1749266730,3.15300000,1126.80000000,3.162
1749266730,3.15200000,1566.10000000,3.162
1749266730,3.15100000,1278.02000000,3.162
1749266730,3.15000000,3696.04000000,3.162
1749266730,3.14900000,10560.02000000,3.162
1749266730,3.14800000,2332.90000000,3.162
1749266730,3.14700000,1434.49000000,3.162
1749266730,3.14600000,771.63000000,3.162
1749266730,3.14500000,14166.00000000,3.162
1749266730,3.14400000,483.19000000,3.162
1749266730,3.14300000,642.89000000,3.162
1749266730,3.14200000,865.27000000,3.162
1749266730,3.14100000,658.68000000,3.162
1749266730,3.14000000,375.75000000,3.162
1749266730,3.13900000,660.51000000,3.162
1749266730,3.13800000,10826.51000000,3.162
1749266730,3.13700000,663.98000000,3.162
1749266730,3.13600000,794.43000000,3.162
1749266730,3.13500000,663.37000000,3.162
1749266730,3.13400000,317.94000000,3.162
1749266730,3.13300000,53712.95000000,3.162
1749266730,3.13200000,408.29000000,3.162
1749266730,3.13100000,1029.29000000,3.162
1749266730,3.13000000,335.63000000,3.162
1749266730,3.12900000,692.63000000,3.162
1749266730,3.12800000,11056.11000000,3.162
1749266730,3.12700000,642.39000000,3.162
1749266730,3.12600000,327.67000000,3.162
1749266730,3.12500000,1114.14000000,3.162
1749266730,3.12400000,376.99000000,3.162
1749266730,3.12300000,748.68000000,3.162
1749266730,3.12200000,2020.98000000,3.162
1749266730,3.12100000,1223.79000000,3.162
1749266730,3.12000000,629.92000000,3.162
1749266730,3.11900000,9.38000000,3.162
1749266730,3.11800000,368.45000000,3.162
1749266730,3.11700000,2482.90000000,3.162
1749266730,3.11600000,35988.06000000,3.162
1749266730,3.11500000,1072.54000000,3.162
1749266730,3.11400000,122.96000000,3.162
1749266730,3.11300000,88.60000000,3.162
1749266730,3.11200000,499.53000000,3.162
1749266730,3.11100000,520.01000000,3.162
1749266730,3.11000000,1209.10000000,3.162
1749266730,3.10900000,342.59000000,3.162
1749266730,3.10800000,40.01000000,3.162
1749266730,3.10700000,356.43000000,3.162
1749266730,3.10600000,5.56000000,3.162
1749266730,3.10500000,237.37000000,3.162
1749266730,3.10400000,404.04000000,3.162
1749266730,3.10300000,1714.05000000,3.162
1749266730,3.10200000,104120.52000000,3.162
1749266730,3.10100000,439.44000000,3.162
1749266730,3.10000000,5431.02000000,3.162
1749266730,3.09900000,6825.04000000,3.162
1749266730,3.09800000,346.08000000,3.162
1749266730,3.09700000,2676.07000000,3.162
1749266730,3.09600000,202.80000000,3.162
1749266730,3.09500000,627.92000000,3.162
1749266730,3.09400000,1056.68000000,3.162
1749266730,3.09300000,7.09000000,3.162
1749266730,3.09200000,7.40000000,3.162
1749266730,3.09100000,10.07000000,3.162
1749266730,3.09000000,768.49000000,3.162
1749266730,3.08900000,149.06000000,3.162
1749266730,3.08800000,9.98000000,3.162
1749266730,3.08700000,5.46000000,3.162
1749266730,3.08600000,38.13000000,3.162
1749266730,3.08500000,96.80000000,3.162
1749266730,3.08400000,6.33000000,3.162
1749266730,3.08300000,9.25000000,3.162
1749266730,3.08200000,4.89000000,3.162
1749266730,3.08100000,197.74000000,3.162
1749266730,3.08000000,1389.10000000,3.162
1749266730,3.07900000,18.70000000,3.162
1749266730,3.07800000,163.02000000,3.162
1749266730,3.07700000,27.51000000,3.162
1749266730,3.07600000,29.16000000,3.162
1749266730,3.07500000,2635.67000000,3.162
1749266730,3.07400000,5.37000000,3.162
1749266730,3.07300000,280.95000000,3.162
1749266730,3.07200000,32.67000000,3.162
1749266730,3.07100000,45.16000000,3.162
1749266730,3.07000000,1512.25000000,3.162
1749266730,3.06900000,33.81000000,3.162
1749266730,3.06800000,70.61000000,3.162
1749266730,3.06700000,163.20000000,3.162
1749266730,3.06600000,131.56000000,3.162
1749266730,3.06500000,240.75000000,3.162
1749266730,3.06400000,39.72000000,3.162
1749266730,3.06300000,47.51000000,3.162
1749266730,3.06200000,63.62000000,3.162
1749267031,3.15800000,2395.71000000,3.159
1749267031,3.15700000,4901.85000000,3.159
1749267031,3.15600000,4803.19000000,3.159
1749267031,3.15500000,4741.96000000,3.159
1749267031,3.15400000,14998.47000000,3.159
1749267031,3.15300000,6165.56000000,3.159
1749267031,3.15200000,6251.23000000,3.159
1749267031,3.15100000,5213.60000000,3.159
1749267031,3.15000000,7088.95000000,3.159
1749267031,3.14900000,1040.56000000,3.159
1749267031,3.14800000,1103.16000000,3.159
1749267031,3.14700000,1434.49000000,3.159
1749267031,3.14600000,10297.14000000,3.159
1749267031,3.14500000,15398.16000000,3.159
1749267031,3.14400000,489.21000000,3.159
1749267031,3.14300000,642.89000000,3.159
1749267031,3.14200000,589.45000000,3.159
1749267031,3.14100000,658.68000000,3.159
1749267031,3.14000000,375.75000000,3.159
1749267031,3.13900000,660.51000000,3.159
1749267031,3.13800000,10826.51000000,3.159
1749267031,3.13700000,663.98000000,3.159
1749267031,3.13600000,794.43000000,3.159
1749267031,3.13500000,663.37000000,3.159
1749267031,3.13400000,594.47000000,3.159
1749267031,3.13300000,30444.27000000,3.159
1749267031,3.13200000,408.29000000,3.159
1749267031,3.13100000,1029.29000000,3.159
1749267031,3.13000000,23585.34000000,3.159
1749267031,3.12900000,673.73000000,3.159
1749267031,3.12800000,10973.25000000,3.159
1749267031,3.12700000,642.39000000,3.159
1749267031,3.12600000,327.67000000,3.159
1749267031,3.12500000,1114.14000000,3.159
1749267031,3.12400000,376.99000000,3.159
1749267031,3.12300000,748.68000000,3.159
1749267031,3.12200000,2020.98000000,3.159
1749267031,3.12100000,1223.79000000,3.159
1749267031,3.12000000,319.42000000,3.159
1749267031,3.11900000,9.38000000,3.159
1749267031,3.11800000,1763.62000000,3.159
1749267031,3.11700000,1778.33000000,3.159
1749267031,3.11600000,22.48000000,3.159
1749267031,3.11500000,1072.54000000,3.159
1749267031,3.11400000,122.96000000,3.159
1749267031,3.11300000,88.60000000,3.159
1749267031,3.11200000,2009.74000000,3.159
1749267031,3.11100000,35337.63000000,3.159
1749267031,3.11000000,211.49000000,3.159
1749267031,3.10900000,342.59000000,3.159
1749267031,3.10800000,40.01000000,3.159
1749267031,3.10700000,356.43000000,3.159
1749267031,3.10600000,5.56000000,3.159
1749267031,3.10500000,237.37000000,3.159
1749267031,3.10400000,404.04000000,3.159
1749267031,3.10300000,1712.06000000,3.159
1749267031,3.10200000,139.38000000,3.159
1749267031,3.10100000,443.97000000,3.159
1749267031,3.10000000,5436.18000000,3.159
1749267031,3.09900000,6825.04000000,3.159
1749267031,3.09800000,102266.93000000,3.159
1749267031,3.09700000,2676.07000000,3.159
1749267031,3.09600000,1767.39000000,3.159
1749267031,3.09500000,111.87000000,3.159
1749267031,3.09400000,7.32000000,3.159
1749267031,3.09300000,7.09000000,3.159
1749267031,3.09200000,7.40000000,3.159
1749267031,3.09100000,10.07000000,3.159
1749267031,3.09000000,768.49000000,3.159
1749267031,3.08900000,149.06000000,3.159
1749267031,3.08800000,9.98000000,3.159
1749267031,3.08700000,5.46000000,3.159
1749267031,3.08600000,38.13000000,3.159
1749267031,3.08500000,99.97000000,3.159
1749267031,3.08400000,9.50000000,3.159
1749267031,3.08300000,12.42000000,3.159
1749267031,3.08200000,4.89000000,3.159
1749267031,3.08100000,197.74000000,3.159
1749267031,3.08000000,1389.10000000,3.159
1749267031,3.07900000,18.70000000,3.159
1749267031,3.07800000,163.02000000,3.159
1749267031,3.07700000,27.51000000,3.159
1749267031,3.07600000,29.16000000,3.159
1749267031,3.07500000,2635.67000000,3.159
1749267031,3.07400000,5.37000000,3.159
1749267031,3.07300000,280.95000000,3.159
1749267031,3.07200000,32.67000000,3.159
1749267031,3.07100000,45.16000000,3.159
1749267031,3.07000000,1512.25000000,3.159
1749267031,3.06900000,33.81000000,3.159
1749267031,3.06800000,70.61000000,3.159
1749267031,3.06700000,163.20000000,3.159
1749267031,3.06600000,131.56000000,3.159
1749267031,3.06500000,240.75000000,3.159
1749267031,3.06400000,39.72000000,3.159
1749267031,3.06300000,47.51000000,3.159
1749267031,3.06200000,63.62000000,3.159
1749267031,3.06100000,11.54000000,3.159
1749267031,3.06000000,18916.98000000,3.159
1749267031,3.05900000,6.64000000,3.159
1749267333,3.15900000,2554.74000000,3.16
1749267333,3.15800000,4579.60000000,3.16
1749267333,3.15700000,7973.17000000,3.16
1749267333,3.15600000,6992.43000000,3.16
1749267333,3.15500000,8070.07000000,3.16
1749267333,3.15400000,10930.69000000,3.16
1749267333,3.15300000,6471.24000000,3.16
1749267333,3.15200000,5088.73000000,3.16
1749267333,3.15100000,5470.56000000,3.16
1749267333,3.15000000,1004.22000000,3.16
1749267333,3.14900000,8153.56000000,3.16
1749267333,3.14800000,1409.27000000,3.16
1749267333,3.14700000,1059.42000000,3.16
1749267333,3.14600000,10313.64000000,3.16
1749267333,3.14500000,5806.35000000,3.16
1749267333,3.14400000,883.94000000,3.16
1749267333,3.14300000,1035.24000000,3.16
1749267333,3.14200000,1891.94000000,3.16
1749267333,3.14100000,721.99000000,3.16
1749267333,3.14000000,719.27000000,3.16
1749267333,3.13900000,9263.00000000,3.16
1749267333,3.13800000,12048.23000000,3.16
1749267333,3.13700000,653.06000000,3.16
1749267333,3.13600000,634.38000000,3.16
1749267333,3.13500000,659.73000000,3.16
1749267333,3.13400000,317.94000000,3.16
1749267333,3.13300000,14493.84000000,3.16
1749267333,3.13200000,408.29000000,3.16
1749267333,3.13100000,24077.93000000,3.16
1749267333,3.13000000,331.99000000,3.16
1749267333,3.12900000,16640.90000000,3.16
1749267333,3.12800000,10973.25000000,3.16
1749267333,3.12700000,648.69000000,3.16
1749267333,3.12600000,324.03000000,3.16
1749267333,3.12500000,986.15000000,3.16
1749267333,3.12400000,702.88000000,3.16
1749267333,3.12300000,748.68000000,3.16
1749267333,3.12200000,2017.34000000,3.16
1749267333,3.12100000,1223.79000000,3.16
1749267333,3.12000000,758.12000000,3.16
1749267333,3.11900000,9.38000000,3.16
1749267333,3.11800000,2579.83000000,3.16
1749267333,3.11700000,193.02000000,3.16
1749267333,3.11600000,22.48000000,3.16
1749267333,3.11500000,1155.86000000,3.16
1749267333,3.11400000,640.78000000,3.16
1749267333,3.11300000,88.60000000,3.16
1749267333,3.11200000,402.18000000,3.16
1749267333,3.11100000,35456.76000000,3.16
1749267333,3.11000000,1900.06000000,3.16
1749267333,3.10900000,426.07000000,3.16
1749267333,3.10800000,976.62000000,3.16
1749267333,3.10700000,356.43000000,3.16
1749267333,3.10600000,5.56000000,3.16
1749267333,3.10500000,44.18000000,3.16
1749267333,3.10400000,404.04000000,3.16
1749267333,3.10300000,1712.06000000,3.16
1749267333,3.10200000,139.38000000,3.16
1749267333,3.10100000,343.66000000,3.16
1749267333,3.10000000,5436.18000000,3.16
1749267333,3.09900000,7018.60000000,3.16
1749267333,3.09800000,106431.15000000,3.16
1749267333,3.09700000,2676.07000000,3.16
1749267333,3.09600000,61.13000000,3.16
1749267333,3.09500000,166.37000000,3.16
1749267333,3.09400000,103.32000000,3.16
1749267333,3.09300000,320.59000000,3.16
1749267333,3.09200000,833.10000000,3.16
1749267333,3.09100000,10.07000000,3.16
1749267333,3.09000000,768.49000000,3.16
1749267333,3.08900000,8.44000000,3.16
1749267333,3.08800000,9.98000000,3.16
1749267333,3.08700000,5.46000000,3.16
1749267333,3.08600000,38.13000000,3.16
1749267333,3.08500000,99.97000000,3.16
1749267333,3.08400000,9.50000000,3.16
1749267333,3.08300000,9.25000000,3.16
1749267333,3.08200000,4.89000000,3.16
1749267333,3.08100000,197.74000000,3.16
1749267333,3.08000000,1389.10000000,3.16
1749267333,3.07900000,18.70000000,3.16
1749267333,3.07800000,163.02000000,3.16
1749267333,3.07700000,27.51000000,3.16
1749267333,3.07600000,29.16000000,3.16
1749267333,3.07500000,2635.67000000,3.16
1749267333,3.07400000,5.37000000,3.16
1749267333,3.07300000,280.95000000,3.16
1749267333,3.07200000,32.67000000,3.16
1749267333,3.07100000,45.16000000,3.16
1749267333,3.07000000,1512.25000000,3.16
1749267333,3.06900000,33.81000000,3.16
1749267333,3.06800000,70.61000000,3.16
1749267333,3.06700000,163.20000000,3.16
1749267333,3.06600000,131.56000000,3.16
1749267333,3.06500000,240.75000000,3.16
1749267333,3.06400000,39.72000000,3.16
1749267333,3.06300000,47.51000000,3.16
1749267333,3.06200000,63.62000000,3.16
1749267333,3.06100000,11.54000000,3.16
1749267333,3.06000000,18916.98000000,3.16
1749267634,3.16200000,3760.08000000,3.162
1749267634,3.16100000,4494.14000000,3.162
1749267634,3.16000000,7184.71000000,3.162
1749267634,3.15900000,6547.38000000,3.162
1749267634,3.15800000,15034.49000000,3.162
1749267634,3.15700000,8007.04000000,3.162
1749267634,3.15600000,4990.72000000,3.162
1749267634,3.15500000,2644.68000000,3.162
1749267634,3.15400000,7723.59000000,3.162
1749267634,3.15300000,2507.95000000,3.162
1749267634,3.15200000,4816.01000000,3.162
1749267634,3.15100000,1759.43000000,3.162
1749267634,3.15000000,10751.43000000,3.162
1749267634,3.14900000,1040.56000000,3.162
1749267634,3.14800000,2308.81000000,3.162
1749267634,3.14700000,1127.33000000,3.162
1749267634,3.14600000,774.01000000,3.162
1749267634,3.14500000,5873.76000000,3.162
1749267634,3.14400000,877.92000000,3.162
1749267634,3.14300000,1035.24000000,3.162
1749267634,3.14200000,2078.62000000,3.162
1749267634,3.14100000,658.68000000,3.162
1749267634,3.14000000,375.75000000,3.162
1749267634,3.13900000,9263.00000000,3.162
1749267634,3.13800000,10826.51000000,3.162
1749267634,3.13700000,653.06000000,3.162
1749267634,3.13600000,634.38000000,3.162
1749267634,3.13500000,659.73000000,3.162
1749267634,3.13400000,40139.90000000,3.162
1749267634,3.13300000,14493.84000000,3.162
1749267634,3.13200000,408.29000000,3.162
1749267634,3.13100000,709.76000000,3.162
1749267634,3.13000000,331.99000000,3.162
1749267634,3.12900000,673.73000000,3.162
1749267634,3.12800000,10973.25000000,3.162
1749267634,3.12700000,642.39000000,3.162
1749267634,3.12600000,324.03000000,3.162
1749267634,3.12500000,1114.14000000,3.162
1749267634,3.12400000,537.65000000,3.162
1749267634,3.12300000,748.68000000,3.162
1749267634,3.12200000,2049.31000000,3.162
1749267634,3.12100000,2339.47000000,3.162
1749267634,3.12000000,319.42000000,3.162
1749267634,3.11900000,1999.84000000,3.162
1749267634,3.11800000,2579.83000000,3.162
1749267634,3.11700000,74.11000000,3.162
1749267634,3.11600000,22.48000000,3.162
1749267634,3.11500000,1430.43000000,3.162
1749267634,3.11400000,155.01000000,3.162
1749267634,3.11300000,1381.10000000,3.162
1749267634,3.11200000,372.14000000,3.162
1749267634,3.11100000,35337.63000000,3.162
1749267634,3.11000000,211.49000000,3.162
1749267634,3.10900000,342.59000000,3.162
1749267634,3.10800000,40.01000000,3.162
1749267634,3.10700000,356.43000000,3.162
1749267634,3.10600000,198.69000000,3.162
1749267634,3.10500000,44.18000000,3.162
1749267634,3.10400000,404.04000000,3.162
1749267634,3.10300000,1712.06000000,3.162
1749267634,3.10200000,105375.22000000,3.162
1749267634,3.10100000,439.44000000,3.162
1749267634,3.10000000,5436.18000000,3.162
1749267634,3.09900000,7677.92000000,3.162
1749267634,3.09800000,346.08000000,3.162
1749267634,3.09700000,3528.34000000,3.162
1749267634,3.09600000,61.13000000,3.162
1749267634,3.09500000,111.87000000,3.162
1749267634,3.09400000,7.32000000,3.162
1749267634,3.09300000,9.03000000,3.162
1749267634,3.09200000,7.40000000,3.162
1749267634,3.09100000,10.07000000,3.162
1749267634,3.09000000,768.49000000,3.162
1749267634,3.08900000,8.44000000,3.162
1749267634,3.08800000,9.98000000,3.162
1749267634,3.08700000,5.46000000,3.162
