timestamp,price,volume,current_price
1749258251,0.27840000,164278.00000000,0.2785
1749258251,0.27830000,225342.60000000,0.2785
1749258251,0.27820000,374759.50000000,0.2785
1749258251,0.27810000,689559.60000000,0.2785
1749258251,0.27800000,776705.50000000,0.2785
1749258251,0.27790000,576223.90000000,0.2785
1749258251,0.27780000,501891.40000000,0.2785
1749258251,0.27770000,520878.50000000,0.2785
1749258251,0.27760000,574399.70000000,0.2785
1749258251,0.27750000,463632.50000000,0.2785
1749258251,0.27740000,704473.30000000,0.2785
1749258251,0.27730000,500015.60000000,0.2785
1749258251,0.27720000,915540.40000000,0.2785
1749258251,0.27710000,380949.00000000,0.2785
1749258251,0.27700000,406059.50000000,0.2785
1749258251,0.27690000,629739.50000000,0.2785
1749258251,0.27680000,354080.40000000,0.2785
1749258251,0.27670000,423391.40000000,0.2785
1749258251,0.27660000,310855.30000000,0.2785
1749258251,0.27650000,340722.10000000,0.2785
1749258251,0.27640000,290800.90000000,0.2785
1749258251,0.27630000,318268.80000000,0.2785
1749258251,0.27620000,341309.30000000,0.2785
1749258251,0.27610000,555557.60000000,0.2785
1749258251,0.27600000,228635.70000000,0.2785
1749258251,0.27590000,246314.10000000,0.2785
1749258251,0.27580000,126015.30000000,0.2785
1749258251,0.27570000,460.40000000,0.2785
1749258251,0.27560000,65819.80000000,0.2785
1749258251,0.27550000,1911.60000000,0.2785
1749258251,0.27540000,889.90000000,0.2785
1749258251,0.27530000,5210.10000000,0.2785
1749258251,0.27520000,1362.20000000,0.2785
1749258251,0.27510000,16852.80000000,0.2785
1749258251,0.27500000,105202.30000000,0.2785
1749258251,0.27490000,961.90000000,0.2785
1749258251,0.27480000,1706.40000000,0.2785
1749258251,0.27470000,239104.30000000,0.2785
1749258251,0.27460000,1393.10000000,0.2785
1749258251,0.27450000,3583.30000000,0.2785
1749258251,0.27440000,7455.20000000,0.2785
1749258251,0.27430000,305.30000000,0.2785
1749258251,0.27420000,1611.50000000,0.2785
1749258251,0.27410000,85781.80000000,0.2785
1749258251,0.27400000,23897.40000000,0.2785
1749258251,0.27390000,275.10000000,0.2785
1749258251,0.27380000,1881.10000000,0.2785
1749258251,0.27370000,10445.60000000,0.2785
1749258251,0.27360000,28765.40000000,0.2785
1749258251,0.27350000,3384.80000000,0.2785
1749258251,0.27340000,2033.90000000,0.2785
1749258251,0.27330000,1139.10000000,0.2785
1749258251,0.27320000,3196.60000000,0.2785
1749258251,0.27310000,1332.80000000,0.2785
1749258251,0.27300000,35331.50000000,0.2785
1749258251,0.27290000,863.40000000,0.2785
1749258251,0.27280000,1371.00000000,0.2785
1749258251,0.27270000,16289.80000000,0.2785
1749258251,0.27260000,60099.10000000,0.2785
1749258251,0.27250000,842.00000000,0.2785
1749258251,0.27240000,1915.00000000,0.2785
1749258251,0.27230000,2187.90000000,0.2785
1749258251,0.27220000,1724.70000000,0.2785
1749258251,0.27210000,32231.40000000,0.2785
1749258251,0.27200000,7926.20000000,0.2785
1749258251,0.27190000,2173.30000000,0.2785
1749258251,0.27180000,1494.50000000,0.2785
1749258251,0.27170000,2002.30000000,0.2785
1749258251,0.27160000,15183.40000000,0.2785
1749258251,0.27150000,3208.10000000,0.2785
1749258251,0.27140000,4992.10000000,0.2785
1749258251,0.27130000,4551.00000000,0.2785
1749258251,0.27120000,3425.30000000,0.2785
1749258251,0.27110000,217.20000000,0.2785
1749258251,0.27100000,30185.80000000,0.2785
1749258251,0.27090000,28431.40000000,0.2785
1749258251,0.27080000,8569.00000000,0.2785
1749258251,0.27070000,15789.60000000,0.2785
1749258251,0.27060000,1649.90000000,0.2785
1749258251,0.27050000,66247.90000000,0.2785
1749258251,0.27040000,986.00000000,0.2785
1749258251,0.27030000,11978.50000000,0.2785
1749258251,0.27020000,410.50000000,0.2785
1749258251,0.27010000,6447.80000000,0.2785
1749258251,0.27000000,138588.90000000,0.2785
1749258251,0.26990000,815.80000000,0.2785
1749258251,0.26980000,5601.90000000,0.2785
1749258251,0.26970000,3305.60000000,0.2785
1749258251,0.26960000,1768.50000000,0.2785
1749258251,0.26950000,869.10000000,0.2785
1749258251,0.26940000,4095.50000000,0.2785
1749258251,0.26930000,3827.00000000,0.2785
1749258251,0.26920000,2403.40000000,0.2785
1749258251,0.26910000,9637.50000000,0.2785
1749258251,0.26900000,18285.50000000,0.2785
1749258251,0.26890000,702.50000000,0.2785
1749258251,0.26880000,2502.00000000,0.2785
1749258251,0.26870000,727.70000000,0.2785
1749258251,0.26860000,13055.20000000,0.2785
1749258251,0.26850000,237.60000000,0.2785
1749258558,0.27830000,57303.50000000,0.2784
1749258558,0.27820000,272157.40000000,0.2784
1749258558,0.27810000,672008.50000000,0.2784
1749258558,0.27800000,822311.40000000,0.2784
1749258558,0.27790000,718159.90000000,0.2784
1749258558,0.27780000,543596.20000000,0.2784
1749258558,0.27770000,543257.00000000,0.2784
1749258558,0.27760000,667326.60000000,0.2784
1749258558,0.27750000,463631.30000000,0.2784
1749258558,0.27740000,682884.70000000,0.2784
1749258558,0.27730000,585003.10000000,0.2784
1749258558,0.27720000,687253.40000000,0.2784
1749258558,0.27710000,497692.90000000,0.2784
1749258558,0.27700000,394196.60000000,0.2784
1749258558,0.27690000,629739.50000000,0.2784
1749258558,0.27680000,390086.90000000,0.2784
1749258558,0.27670000,340648.10000000,0.2784
1749258558,0.27660000,310765.50000000,0.2784
1749258558,0.27650000,340722.10000000,0.2784
1749258558,0.27640000,304750.90000000,0.2784
1749258558,0.27630000,318268.80000000,0.2784
1749258558,0.27620000,341309.30000000,0.2784
1749258558,0.27610000,555557.60000000,0.2784
1749258558,0.27600000,228635.70000000,0.2784
1749258558,0.27590000,141187.30000000,0.2784
1749258558,0.27580000,231418.50000000,0.2784
1749258558,0.27570000,460.40000000,0.2784
1749258558,0.27560000,65815.60000000,0.2784
1749258558,0.27550000,1911.60000000,0.2784
1749258558,0.27540000,889.90000000,0.2784
1749258558,0.27530000,5210.10000000,0.2784
1749258558,0.27520000,1362.20000000,0.2784
1749258558,0.27510000,16852.80000000,0.2784
1749258558,0.27500000,105202.30000000,0.2784
1749258558,0.27490000,961.90000000,0.2784
1749258558,0.27480000,1706.40000000,0.2784
1749258558,0.27470000,151299.90000000,0.2784
1749258558,0.27460000,1393.10000000,0.2784
1749258558,0.27450000,3583.30000000,0.2784
1749258558,0.27440000,7455.20000000,0.2784
1749258558,0.27430000,305.30000000,0.2784
1749258558,0.27420000,1611.50000000,0.2784
1749258558,0.27410000,85781.80000000,0.2784
1749258558,0.27400000,23897.40000000,0.2784
1749258558,0.27390000,275.10000000,0.2784
1749258558,0.27380000,1881.10000000,0.2784
1749258558,0.27370000,10445.60000000,0.2784
1749258558,0.27360000,28765.40000000,0.2784
1749258558,0.27350000,3384.80000000,0.2784
1749258558,0.27340000,2033.90000000,0.2784
1749258558,0.27330000,1139.10000000,0.2784
1749258558,0.27320000,3196.60000000,0.2784
1749258558,0.27310000,1332.80000000,0.2784
1749258558,0.27300000,35331.50000000,0.2784
1749258558,0.27290000,863.40000000,0.2784
1749258558,0.27280000,1371.00000000,0.2784
1749258558,0.27270000,16289.80000000,0.2784
1749258558,0.27260000,60099.10000000,0.2784
1749258558,0.27250000,842.00000000,0.2784
1749258558,0.27240000,1915.00000000,0.2784
1749258558,0.27230000,2187.90000000,0.2784
1749258558,0.27220000,1724.70000000,0.2784
1749258558,0.27210000,32231.40000000,0.2784
1749258558,0.27200000,7926.20000000,0.2784
1749258558,0.27190000,2173.30000000,0.2784
1749258558,0.27180000,1494.50000000,0.2784
1749258558,0.27170000,2002.30000000,0.2784
1749258558,0.27160000,15183.40000000,0.2784
1749258558,0.27150000,3208.10000000,0.2784
1749258558,0.27140000,4992.10000000,0.2784
1749258558,0.27130000,4551.00000000,0.2784
1749258558,0.27120000,3406.80000000,0.2784
1749258558,0.27110000,217.20000000,0.2784
1749258558,0.27100000,30185.80000000,0.2784
1749258558,0.27090000,28431.40000000,0.2784
1749258558,0.27080000,8569.00000000,0.2784
1749258558,0.27070000,15789.60000000,0.2784
1749258558,0.27060000,1649.90000000,0.2784
1749258558,0.27050000,66247.90000000,0.2784
1749258558,0.27040000,986.00000000,0.2784
1749258558,0.27030000,11978.50000000,0.2784
1749258558,0.27020000,410.50000000,0.2784
1749258558,0.27010000,6447.80000000,0.2784
1749258558,0.27000000,138588.90000000,0.2784
1749258558,0.26990000,815.80000000,0.2784
1749258558,0.26980000,5601.90000000,0.2784
1749258558,0.26970000,3305.60000000,0.2784
1749258558,0.26960000,1768.50000000,0.2784
1749258558,0.26950000,869.10000000,0.2784
1749258558,0.26940000,4095.50000000,0.2784
1749258558,0.26930000,3827.00000000,0.2784
1749258558,0.26920000,2403.40000000,0.2784
1749258558,0.26910000,9637.50000000,0.2784
1749258558,0.26900000,18285.50000000,0.2784
1749258558,0.26890000,702.50000000,0.2784
1749258558,0.26880000,2502.00000000,0.2784
1749258558,0.26870000,727.70000000,0.2784
1749258558,0.26860000,13055.20000000,0.2784
1749258558,0.26850000,237.60000000,0.2784
1749258558,0.26840000,38431.90000000,0.2784
1749258874,0.27830000,191904.80000000,0.2784
1749258874,0.27820000,296071.40000000,0.2784
1749258874,0.27810000,790662.20000000,0.2784
1749258874,0.27800000,854530.80000000,0.2784
1749258874,0.27790000,575174.90000000,0.2784
1749258874,0.27780000,542710.50000000,0.2784
1749258874,0.27770000,479599.20000000,0.2784
1749258874,0.27760000,543704.00000000,0.2784
1749258874,0.27750000,497928.70000000,0.2784
1749258874,0.27740000,648577.20000000,0.2784
1749258874,0.27730000,581110.90000000,0.2784
1749258874,0.27720000,729693.80000000,0.2784
1749258874,0.27710000,487144.90000000,0.2784
1749258874,0.27700000,369717.50000000,0.2784
1749258874,0.27690000,665503.10000000,0.2784
1749258874,0.27680000,353834.80000000,0.2784
1749258874,0.27670000,340648.10000000,0.2784
1749258874,0.27660000,310531.60000000,0.2784
1749258874,0.27650000,386888.60000000,0.2784
1749258874,0.27640000,304750.90000000,0.2784
1749258874,0.27630000,318268.80000000,0.2784
1749258874,0.27620000,341309.30000000,0.2784
1749258874,0.27610000,562202.10000000,0.2784
1749258874,0.27600000,228725.50000000,0.2784
1749258874,0.27590000,141187.30000000,0.2784
1749258874,0.27580000,229264.20000000,0.2784
1749258874,0.27570000,50730.10000000,0.2784
1749258874,0.27560000,15528.80000000,0.2784
1749258874,0.27550000,2468.40000000,0.2784
1749258874,0.27540000,889.90000000,0.2784
1749258874,0.27530000,5210.10000000,0.2784
1749258874,0.27520000,1362.20000000,0.2784
1749258874,0.27510000,16852.80000000,0.2784
1749258874,0.27500000,20239.50000000,0.2784
1749258874,0.27490000,961.90000000,0.2784
1749258874,0.27480000,1706.40000000,0.2784
1749258874,0.27470000,154642.80000000,0.2784
1749258874,0.27460000,89162.50000000,0.2784
1749258874,0.27450000,3673.10000000,0.2784
1749258874,0.27440000,92693.80000000,0.2784
1749258874,0.27430000,305.30000000,0.2784
1749258874,0.27420000,1611.50000000,0.2784
1749258874,0.27410000,85781.80000000,0.2784
1749258874,0.27400000,23987.20000000,0.2784
1749258874,0.27390000,275.10000000,0.2784
1749258874,0.27380000,1881.10000000,0.2784
1749258874,0.27370000,10445.60000000,0.2784
1749258874,0.27360000,28765.40000000,0.2784
1749258874,0.27350000,3384.80000000,0.2784
1749258874,0.27340000,2033.90000000,0.2784
1749258874,0.27330000,1139.10000000,0.2784
1749258874,0.27320000,3196.60000000,0.2784
1749258874,0.27310000,1332.80000000,0.2784
1749258874,0.27300000,35331.50000000,0.2784
1749258874,0.27290000,863.40000000,0.2784
1749258874,0.27280000,1371.00000000,0.2784
1749258874,0.27270000,16289.80000000,0.2784
1749258874,0.27260000,60164.10000000,0.2784
1749258874,0.27250000,842.00000000,0.2784
1749258874,0.27240000,1915.00000000,0.2784
1749258874,0.27230000,2187.90000000,0.2784
1749258874,0.27220000,1724.70000000,0.2784
1749258874,0.27210000,32231.40000000,0.2784
1749258874,0.27200000,7926.20000000,0.2784
1749258874,0.27190000,2173.30000000,0.2784
1749258874,0.27180000,1494.50000000,0.2784
1749258874,0.27170000,2002.30000000,0.2784
1749258874,0.27160000,15183.40000000,0.2784
1749258874,0.27150000,3208.10000000,0.2784
1749258874,0.27140000,4992.10000000,0.2784
1749258874,0.27130000,4551.00000000,0.2784
1749258874,0.27120000,3406.80000000,0.2784
1749258874,0.27110000,217.20000000,0.2784
1749258874,0.27100000,30185.80000000,0.2784
1749258874,0.27090000,28431.40000000,0.2784
1749258874,0.27080000,8569.00000000,0.2784
1749258874,0.27070000,15789.60000000,0.2784
1749258874,0.27060000,1649.90000000,0.2784
1749258874,0.27050000,68025.60000000,0.2784
1749258874,0.27040000,986.00000000,0.2784
1749258874,0.27030000,11978.50000000,0.2784
1749258874,0.27020000,410.50000000,0.2784
1749258874,0.27010000,6447.80000000,0.2784
1749258874,0.27000000,138611.10000000,0.2784
1749258874,0.26990000,815.80000000,0.2784
1749258874,0.26980000,5601.90000000,0.2784
1749258874,0.26970000,3305.60000000,0.2784
1749258874,0.26960000,1768.50000000,0.2784
1749258874,0.26950000,869.10000000,0.2784
1749258874,0.26940000,4095.50000000,0.2784
1749258874,0.26930000,3827.00000000,0.2784
1749258874,0.26920000,2403.40000000,0.2784
1749258874,0.26910000,9637.50000000,0.2784
1749258874,0.26900000,18285.50000000,0.2784
1749258874,0.26890000,702.50000000,0.2784
1749258874,0.26880000,2502.00000000,0.2784
1749258874,0.26870000,1489.80000000,0.2784
1749258874,0.26860000,12292.80000000,0.2784
1749258874,0.26850000,237.60000000,0.2784
1749258874,0.26840000,38514.50000000,0.2784
1749259175,0.27840000,318986.70000000,0.2785
1749259175,0.27830000,377749.40000000,0.2785
1749259175,0.27820000,711843.70000000,0.2785
1749259175,0.27810000,791749.70000000,0.2785
1749259175,0.27800000,620513.80000000,0.2785
1749259175,0.27790000,558624.90000000,0.2785
1749259175,0.27780000,560070.10000000,0.2785
1749259175,0.27770000,505155.80000000,0.2785
1749259175,0.27760000,525631.30000000,0.2785
1749259175,0.27750000,464007.20000000,0.2785
1749259175,0.27740000,682795.10000000,0.2785
1749259175,0.27730000,618117.60000000,0.2785
1749259175,0.27720000,698676.20000000,0.2785
1749259175,0.27710000,376577.40000000,0.2785
1749259175,0.27700000,357949.40000000,0.2785
1749259175,0.27690000,641195.50000000,0.2785
1749259175,0.27680000,353834.80000000,0.2785
1749259175,0.27670000,254387.60000000,0.2785
1749259175,0.27660000,28803.50000000,0.2785
1749259175,0.27650000,63107.10000000,0.2785
1749259175,0.27640000,20505.00000000,0.2785
1749259175,0.27630000,232008.30000000,0.2785
1749259175,0.27620000,341289.20000000,0.2785
1749259175,0.27610000,562202.10000000,0.2785
1749259175,0.27600000,340986.00000000,0.2785
1749259175,0.27590000,244223.30000000,0.2785
1749259175,0.27580000,176251.90000000,0.2785
1749259175,0.27570000,125720.90000000,0.2785
1749259175,0.27560000,141256.20000000,0.2785
1749259175,0.27550000,127261.90000000,0.2785
1749259175,0.27540000,889.90000000,0.2785
1749259175,0.27530000,5210.10000000,0.2785
1749259175,0.27520000,1362.20000000,0.2785
1749259175,0.27510000,523.80000000,0.2785
1749259175,0.27500000,36574.50000000,0.2785
1749259175,0.27490000,961.90000000,0.2785
1749259175,0.27480000,1706.40000000,0.2785
1749259175,0.27470000,154642.80000000,0.2785
1749259175,0.27460000,89162.50000000,0.2785
1749259175,0.27450000,3673.10000000,0.2785
1749259175,0.27440000,92693.80000000,0.2785
1749259175,0.27430000,305.30000000,0.2785
1749259175,0.27420000,1611.50000000,0.2785
1749259175,0.27410000,85781.80000000,0.2785
1749259175,0.27400000,23987.20000000,0.2785
1749259175,0.27390000,275.10000000,0.2785
1749259175,0.27380000,1881.10000000,0.2785
1749259175,0.27370000,10445.60000000,0.2785
1749259175,0.27360000,28765.40000000,0.2785
1749259175,0.27350000,3384.80000000,0.2785
1749259175,0.27340000,2033.90000000,0.2785
1749259175,0.27330000,1139.10000000,0.2785
1749259175,0.27320000,3196.60000000,0.2785
1749259175,0.27310000,1332.80000000,0.2785
1749259175,0.27300000,35331.50000000,0.2785
1749259175,0.27290000,863.40000000,0.2785
1749259175,0.27280000,1371.00000000,0.2785
1749259175,0.27270000,16289.80000000,0.2785
1749259175,0.27260000,60164.10000000,0.2785
1749259175,0.27250000,842.00000000,0.2785
1749259175,0.27240000,1915.00000000,0.2785
1749259175,0.27230000,2187.90000000,0.2785
1749259175,0.27220000,1724.70000000,0.2785
1749259175,0.27210000,32231.40000000,0.2785
1749259175,0.27200000,7926.20000000,0.2785
1749259175,0.27190000,2173.30000000,0.2785
1749259175,0.27180000,1494.50000000,0.2785
1749259175,0.27170000,2002.30000000,0.2785
1749259175,0.27160000,15183.40000000,0.2785
1749259175,0.27150000,3208.10000000,0.2785
1749259175,0.27140000,4992.10000000,0.2785
1749259175,0.27130000,4551.00000000,0.2785
1749259175,0.27120000,3406.80000000,0.2785
1749259175,0.27110000,217.20000000,0.2785
1749259175,0.27100000,30185.80000000,0.2785
1749259175,0.27090000,28431.40000000,0.2785
1749259175,0.27080000,8569.00000000,0.2785
1749259175,0.27070000,15789.60000000,0.2785
1749259175,0.27060000,1649.90000000,0.2785
1749259175,0.27050000,68025.60000000,0.2785
1749259175,0.27040000,986.00000000,0.2785
1749259175,0.27030000,11978.50000000,0.2785
1749259175,0.27020000,410.50000000,0.2785
1749259175,0.27010000,6447.80000000,0.2785
1749259175,0.27000000,138611.10000000,0.2785
1749259175,0.26990000,815.80000000,0.2785
1749259175,0.26980000,5601.90000000,0.2785
1749259175,0.26970000,3305.60000000,0.2785
1749259175,0.26960000,1768.50000000,0.2785
1749259175,0.26950000,869.10000000,0.2785
1749259175,0.26940000,4095.50000000,0.2785
1749259175,0.26930000,3827.00000000,0.2785
1749259175,0.26920000,2403.40000000,0.2785
1749259175,0.26910000,9637.50000000,0.2785
1749259175,0.26900000,18285.50000000,0.2785
1749259175,0.26890000,702.50000000,0.2785
1749259175,0.26880000,2502.00000000,0.2785
1749259175,0.26870000,727.70000000,0.2785
1749259175,0.26860000,13055.20000000,0.2785
1749259175,0.26850000,237.60000000,0.2785
