timestamp,price,volume,current_price
1749260674,0.27880000,81262.70000000,0.2789
1749260674,0.27870000,345555.40000000,0.2789
1749260674,0.27860000,491691.00000000,0.2789
1749260674,0.27850000,695083.00000000,0.2789
1749260674,0.27840000,746856.20000000,0.2789
1749260674,0.27830000,706824.20000000,0.2789
1749260674,0.27820000,538753.00000000,0.2789
1749260674,0.27810000,435405.90000000,0.2789
1749260674,0.27800000,551175.60000000,0.2789
1749260674,0.27790000,481395.20000000,0.2789
1749260674,0.27780000,503883.20000000,0.2789
1749260674,0.27770000,742056.00000000,0.2789
1749260674,0.27760000,819490.80000000,0.2789
1749260674,0.27750000,387765.30000000,0.2789
1749260674,0.27740000,404345.20000000,0.2789
1749260674,0.27730000,388219.40000000,0.2789
1749260674,0.27720000,648046.00000000,0.2789
1749260674,0.27710000,352266.80000000,0.2789
1749260674,0.27700000,343931.50000000,0.2789
1749260674,0.27690000,374169.60000000,0.2789
1749260674,0.27680000,339884.80000000,0.2789
1749260674,0.27670000,240437.60000000,0.2789
1749260674,0.27660000,14853.50000000,0.2789
1749260674,0.27650000,1193.10000000,0.2789
1749260674,0.27640000,249428.20000000,0.2789
1749260674,0.27630000,338037.20000000,0.2789
1749260674,0.27620000,341289.20000000,0.2789
1749260674,0.27610000,324128.70000000,0.2789
1749260674,0.27600000,228750.00000000,0.2789
1749260674,0.27590000,191847.90000000,0.2789
1749260674,0.27580000,754.80000000,0.2789
1749260674,0.27570000,696.00000000,0.2789
1749260674,0.27560000,31810.00000000,0.2789
1749260674,0.27550000,1911.60000000,0.2789
1749260674,0.27540000,889.90000000,0.2789
1749260674,0.27530000,5210.10000000,0.2789
1749260674,0.27520000,1362.20000000,0.2789
1749260674,0.27510000,523.80000000,0.2789
1749260674,0.27500000,168350.60000000,0.2789
1749260674,0.27490000,961.90000000,0.2789
1749260674,0.27480000,2893.90000000,0.2789
1749260674,0.27470000,5942.20000000,0.2789
1749260674,0.27460000,89162.50000000,0.2789
1749260674,0.27450000,2324.30000000,0.2789
1749260674,0.27440000,7455.20000000,0.2789
1749260674,0.27430000,305.30000000,0.2789
1749260674,0.27420000,1611.50000000,0.2789
1749260674,0.27410000,85781.80000000,0.2789
1749260674,0.27400000,23897.40000000,0.2789
1749260674,0.27390000,275.10000000,0.2789
1749260674,0.27380000,1881.10000000,0.2789
1749260674,0.27370000,10445.60000000,0.2789
1749260674,0.27360000,114253.20000000,0.2789
1749260674,0.27350000,3384.80000000,0.2789
1749260674,0.27340000,2033.90000000,0.2789
1749260674,0.27330000,1139.10000000,0.2789
1749260674,0.27320000,88809.60000000,0.2789
1749260674,0.27310000,1332.80000000,0.2789
1749260674,0.27300000,35331.50000000,0.2789
1749260674,0.27290000,60947.20000000,0.2789
1749260674,0.27280000,1371.00000000,0.2789
1749260674,0.27270000,16289.80000000,0.2789
1749260674,0.27260000,623.60000000,0.2789
1749260674,0.27250000,842.00000000,0.2789
1749260674,0.27240000,1915.00000000,0.2789
1749260674,0.27230000,2187.90000000,0.2789
1749260674,0.27220000,2811.30000000,0.2789
1749260674,0.27210000,32231.40000000,0.2789
1749260674,0.27200000,7926.20000000,0.2789
1749260674,0.27190000,2173.30000000,0.2789
1749260674,0.27180000,1494.50000000,0.2789
1749260674,0.27170000,2002.30000000,0.2789
1749260674,0.27160000,14096.80000000,0.2789
1749260674,0.27150000,3208.10000000,0.2789
1749260674,0.27140000,4992.10000000,0.2789
1749260674,0.27130000,4551.00000000,0.2789
1749260674,0.27120000,3406.80000000,0.2789
1749260674,0.27110000,217.20000000,0.2789
1749260674,0.27100000,30185.80000000,0.2789
1749260674,0.27090000,28431.40000000,0.2789
1749260674,0.27080000,68599.70000000,0.2789
1749260674,0.27070000,16269.70000000,0.2789
1749260674,0.27060000,1649.90000000,0.2789
1749260674,0.27050000,8136.70000000,0.2789
1749260674,0.27040000,986.00000000,0.2789
1749260674,0.27030000,11978.50000000,0.2789
1749260674,0.27020000,410.50000000,0.2789
1749260674,0.27010000,6447.80000000,0.2789
1749260674,0.27000000,138611.10000000,0.2789
1749260674,0.26990000,815.80000000,0.2789
1749260674,0.26980000,5601.90000000,0.2789
1749260674,0.26970000,3305.60000000,0.2789
1749260674,0.26960000,1768.50000000,0.2789
1749260674,0.26950000,869.10000000,0.2789
1749260674,0.26940000,4095.50000000,0.2789
1749260674,0.26930000,3827.00000000,0.2789
1749260674,0.26920000,2403.40000000,0.2789
1749260674,0.26910000,9637.50000000,0.2789
1749260674,0.26900000,19164.00000000,0.2789
1749260674,0.26890000,702.50000000,0.2789
1749260977,0.27910000,150999.40000000,0.2792
1749260977,0.27900000,393846.20000000,0.2792
1749260977,0.27890000,605030.00000000,0.2792
1749260977,0.27880000,625060.90000000,0.2792
1749260977,0.27870000,794521.20000000,0.2792
1749260977,0.27860000,641527.60000000,0.2792
1749260977,0.27850000,538618.30000000,0.2792
1749260977,0.27840000,538291.80000000,0.2792
1749260977,0.27830000,590411.90000000,0.2792
1749260977,0.27820000,539598.40000000,0.2792
1749260977,0.27810000,457926.90000000,0.2792
1749260977,0.27800000,475930.50000000,0.2792
1749260977,0.27790000,906205.70000000,0.2792
1749260977,0.27780000,625337.10000000,0.2792
1749260977,0.27770000,392022.10000000,0.2792
1749260977,0.27760000,400777.80000000,0.2792
1749260977,0.27750000,340078.30000000,0.2792
1749260977,0.27740000,646610.40000000,0.2792
1749260977,0.27730000,373667.70000000,0.2792
1749260977,0.27720000,340067.20000000,0.2792
1749260977,0.27710000,326571.80000000,0.2792
1749260977,0.27700000,344059.10000000,0.2792
1749260977,0.27690000,326301.60000000,0.2792
1749260977,0.27680000,339857.70000000,0.2792
1749260977,0.27670000,240437.60000000,0.2792
1749260977,0.27660000,362133.70000000,0.2792
1749260977,0.27650000,1193.10000000,0.2792
1749260977,0.27640000,18448.20000000,0.2792
1749260977,0.27630000,119793.10000000,0.2792
1749260977,0.27620000,279177.00000000,0.2792
1749260977,0.27610000,211868.20000000,0.2792
1749260977,0.27600000,13566.70000000,0.2792
1749260977,0.27590000,32208.50000000,0.2792
1749260977,0.27580000,754.80000000,0.2792
1749260977,0.27570000,696.00000000,0.2792
1749260977,0.27560000,4523.60000000,0.2792
1749260977,0.27550000,1911.60000000,0.2792
1749260977,0.27540000,87055.00000000,0.2792
1749260977,0.27530000,3012.70000000,0.2792
1749260977,0.27520000,147895.20000000,0.2792
1749260977,0.27510000,523.80000000,0.2792
1749260977,0.27500000,17561.60000000,0.2792
1749260977,0.27490000,934.80000000,0.2792
1749260977,0.27480000,87981.20000000,0.2792
1749260977,0.27470000,5942.20000000,0.2792
1749260977,0.27460000,86569.60000000,0.2792
1749260977,0.27450000,2303.10000000,0.2792
1749260977,0.27440000,7455.20000000,0.2792
1749260977,0.27430000,305.30000000,0.2792
1749260977,0.27420000,1611.50000000,0.2792
1749260977,0.27410000,449.90000000,0.2792
1749260977,0.27400000,23938.10000000,0.2792
1749260977,0.27390000,275.10000000,0.2792
1749260977,0.27380000,1881.10000000,0.2792
1749260977,0.27370000,10445.60000000,0.2792
1749260977,0.27360000,114253.20000000,0.2792
1749260977,0.27350000,3384.80000000,0.2792
1749260977,0.27340000,2033.90000000,0.2792
1749260977,0.27330000,1139.10000000,0.2792
1749260977,0.27320000,3196.60000000,0.2792
1749260977,0.27310000,61097.70000000,0.2792
1749260977,0.27300000,35331.50000000,0.2792
1749260977,0.27290000,863.40000000,0.2792
1749260977,0.27280000,1371.00000000,0.2792
1749260977,0.27270000,16268.60000000,0.2792
1749260977,0.27260000,623.60000000,0.2792
1749260977,0.27250000,842.00000000,0.2792
1749260977,0.27240000,1915.00000000,0.2792
1749260977,0.27230000,2187.90000000,0.2792
1749260977,0.27220000,2811.30000000,0.2792
1749260977,0.27210000,32231.40000000,0.2792
1749260977,0.27200000,7926.20000000,0.2792
1749260977,0.27190000,2173.30000000,0.2792
1749260977,0.27180000,1494.50000000,0.2792
1749260977,0.27170000,2002.30000000,0.2792
1749260977,0.27160000,14096.80000000,0.2792
1749260977,0.27150000,3208.10000000,0.2792
1749260977,0.27140000,4992.10000000,0.2792
1749260977,0.27130000,4551.00000000,0.2792
1749260977,0.27120000,3406.80000000,0.2792
1749260977,0.27110000,217.20000000,0.2792
1749260977,0.27100000,87741.80000000,0.2792
1749260977,0.27090000,28410.20000000,0.2792
1749260977,0.27080000,8569.00000000,0.2792
1749260977,0.27070000,16269.70000000,0.2792
1749260977,0.27060000,1649.90000000,0.2792
1749260977,0.27050000,8136.70000000,0.2792
1749260977,0.27040000,986.00000000,0.2792
1749260977,0.27030000,11978.50000000,0.2792
1749260977,0.27020000,410.50000000,0.2792
1749260977,0.27010000,6447.80000000,0.2792
1749260977,0.27000000,138655.90000000,0.2792
1749260977,0.26990000,815.80000000,0.2792
1749260977,0.26980000,5601.90000000,0.2792
1749260977,0.26970000,3305.60000000,0.2792
1749260977,0.26960000,1768.50000000,0.2792
1749260977,0.26950000,869.10000000,0.2792
1749260977,0.26940000,4095.50000000,0.2792
1749260977,0.26930000,3827.00000000,0.2792
1749260977,0.26920000,3164.10000000,0.2792
1749261278,0.27910000,83802.10000000,0.2792
1749261278,0.27900000,343365.50000000,0.2792
1749261278,0.27890000,582690.90000000,0.2792
1749261278,0.27880000,753321.70000000,0.2792
1749261278,0.27870000,808031.50000000,0.2792
1749261278,0.27860000,657702.80000000,0.2792
1749261278,0.27850000,525687.20000000,0.2792
1749261278,0.27840000,510387.20000000,0.2792
1749261278,0.27830000,608642.90000000,0.2792
1749261278,0.27820000,530593.10000000,0.2792
1749261278,0.27810000,573842.10000000,0.2792
1749261278,0.27800000,475930.50000000,0.2792
1749261278,0.27790000,790675.10000000,0.2792
1749261278,0.27780000,625337.10000000,0.2792
1749261278,0.27770000,392020.60000000,0.2792
1749261278,0.27760000,400775.90000000,0.2792
1749261278,0.27750000,340078.30000000,0.2792
1749261278,0.27740000,632660.40000000,0.2792
1749261278,0.27730000,373667.70000000,0.2792
1749261278,0.27720000,340067.20000000,0.2792
1749261278,0.27710000,326571.80000000,0.2792
1749261278,0.27700000,344059.10000000,0.2792
1749261278,0.27690000,326301.60000000,0.2792
1749261278,0.27680000,339857.70000000,0.2792
1749261278,0.27670000,240437.60000000,0.2792
1749261278,0.27660000,361247.80000000,0.2792
1749261278,0.27650000,1270.50000000,0.2792
1749261278,0.27640000,18448.20000000,0.2792
1749261278,0.27630000,119793.10000000,0.2792
1749261278,0.27620000,279635.70000000,0.2792
1749261278,0.27610000,211868.20000000,0.2792
1749261278,0.27600000,13566.70000000,0.2792
1749261278,0.27590000,15926.80000000,0.2792
1749261278,0.27580000,17042.40000000,0.2792
1749261278,0.27570000,696.00000000,0.2792
1749261278,0.27560000,4523.60000000,0.2792
1749261278,0.27550000,1911.60000000,0.2792
1749261278,0.27540000,87055.00000000,0.2792
1749261278,0.27530000,3012.70000000,0.2792
1749261278,0.27520000,147895.20000000,0.2792
1749261278,0.27510000,601.60000000,0.2792
1749261278,0.27500000,17561.60000000,0.2792
1749261278,0.27490000,934.80000000,0.2792
1749261278,0.27480000,87981.20000000,0.2792
1749261278,0.27470000,5942.20000000,0.2792
1749261278,0.27460000,86569.60000000,0.2792
1749261278,0.27450000,1216.50000000,0.2792
1749261278,0.27440000,7455.20000000,0.2792
1749261278,0.27430000,305.30000000,0.2792
1749261278,0.27420000,1611.50000000,0.2792
1749261278,0.27410000,540.20000000,0.2792
1749261278,0.27400000,23938.10000000,0.2792
1749261278,0.27390000,275.10000000,0.2792
1749261278,0.27380000,1881.10000000,0.2792
1749261278,0.27370000,10445.60000000,0.2792
1749261278,0.27360000,114331.50000000,0.2792
1749261278,0.27350000,3384.80000000,0.2792
1749261278,0.27340000,2033.90000000,0.2792
1749261278,0.27330000,1048.50000000,0.2792
1749261278,0.27320000,3196.60000000,0.2792
1749261278,0.27310000,61097.70000000,0.2792
1749261278,0.27300000,35331.50000000,0.2792
1749261278,0.27290000,863.40000000,0.2792
1749261278,0.27280000,1371.00000000,0.2792
1749261278,0.27270000,16268.60000000,0.2792
1749261278,0.27260000,623.60000000,0.2792
1749261278,0.27250000,842.00000000,0.2792
1749261278,0.27240000,1915.00000000,0.2792
1749261278,0.27230000,2187.90000000,0.2792
1749261278,0.27220000,2890.00000000,0.2792
1749261278,0.27210000,32231.40000000,0.2792
1749261278,0.27200000,7926.20000000,0.2792
1749261278,0.27190000,2173.30000000,0.2792
1749261278,0.27180000,1494.50000000,0.2792
1749261278,0.27170000,2002.30000000,0.2792
1749261278,0.27160000,14096.80000000,0.2792
1749261278,0.27150000,3208.10000000,0.2792
1749261278,0.27140000,4992.10000000,0.2792
1749261278,0.27130000,4551.00000000,0.2792
1749261278,0.27120000,3406.80000000,0.2792
1749261278,0.27110000,217.20000000,0.2792
1749261278,0.27100000,87741.80000000,0.2792
1749261278,0.27090000,28410.20000000,0.2792
1749261278,0.27080000,8648.10000000,0.2792
1749261278,0.27070000,16269.70000000,0.2792
1749261278,0.27060000,1649.90000000,0.2792
1749261278,0.27050000,8136.70000000,0.2792
1749261278,0.27040000,986.00000000,0.2792
1749261278,0.27030000,11978.50000000,0.2792
1749261278,0.27020000,410.50000000,0.2792
1749261278,0.27010000,6447.80000000,0.2792
1749261278,0.27000000,138655.90000000,0.2792
1749261278,0.26990000,815.80000000,0.2792
1749261278,0.26980000,5601.90000000,0.2792
1749261278,0.26970000,3305.60000000,0.2792
1749261278,0.26960000,1768.50000000,0.2792
1749261278,0.26950000,1629.00000000,0.2792
1749261278,0.26940000,4175.00000000,0.2792
1749261278,0.26930000,3827.00000000,0.2792
1749261278,0.26920000,2403.40000000,0.2792
1749261580,0.27900000,182490.30000000,0.279
1749261580,0.27890000,567424.10000000,0.279
1749261580,0.27880000,751218.10000000,0.279
1749261580,0.27870000,893153.60000000,0.279
1749261580,0.27860000,705675.40000000,0.279
1749261580,0.27850000,536448.00000000,0.279
1749261580,0.27840000,510525.40000000,0.279
1749261580,0.27830000,637958.50000000,0.279
1749261580,0.27820000,704836.80000000,0.279
1749261580,0.27810000,527054.50000000,0.279
1749261580,0.27800000,467396.30000000,0.279
1749261580,0.27790000,464990.20000000,0.279
1749261580,0.27780000,768097.40000000,0.279
1749261580,0.27770000,351919.60000000,0.279
1749261580,0.27760000,404904.40000000,0.279
1749261580,0.27750000,387790.80000000,0.279
1749261580,0.27740000,646610.40000000,0.279
1749261580,0.27730000,374754.30000000,0.279
1749261580,0.27720000,340067.20000000,0.279
1749261580,0.27710000,326571.80000000,0.279
1749261580,0.27700000,344059.10000000,0.279
1749261580,0.27690000,326301.60000000,0.279
1749261580,0.27680000,339857.70000000,0.279
1749261580,0.27670000,240437.60000000,0.279
1749261580,0.27660000,255562.00000000,0.279
1749261580,0.27650000,109034.70000000,0.279
1749261580,0.27640000,18448.20000000,0.279
1749261580,0.27630000,120123.70000000,0.279
1749261580,0.27620000,229028.70000000,0.279
1749261580,0.27610000,262013.60000000,0.279
1749261580,0.27600000,13566.70000000,0.279
1749261580,0.27590000,15926.80000000,0.279
1749261580,0.27580000,17042.40000000,0.279
1749261580,0.27570000,696.00000000,0.279
1749261580,0.27560000,4523.60000000,0.279
1749261580,0.27550000,1911.60000000,0.279
1749261580,0.27540000,87055.00000000,0.279
1749261580,0.27530000,3012.70000000,0.279
1749261580,0.27520000,147895.20000000,0.279
1749261580,0.27510000,601.60000000,0.279
1749261580,0.27500000,17561.60000000,0.279
1749261580,0.27490000,934.80000000,0.279
1749261580,0.27480000,87981.20000000,0.279
1749261580,0.27470000,5942.20000000,0.279
1749261580,0.27460000,86569.60000000,0.279
1749261580,0.27450000,1216.50000000,0.279
1749261580,0.27440000,7455.20000000,0.279
1749261580,0.27430000,305.30000000,0.279
1749261580,0.27420000,1611.50000000,0.279
1749261580,0.27410000,540.20000000,0.279
1749261580,0.27400000,23938.10000000,0.279
1749261580,0.27390000,275.10000000,0.279
1749261580,0.27380000,1881.10000000,0.279
1749261580,0.27370000,10445.60000000,0.279
1749261580,0.27360000,114331.50000000,0.279
1749261580,0.27350000,3384.80000000,0.279
1749261580,0.27340000,2033.90000000,0.279
1749261580,0.27330000,1048.50000000,0.279
1749261580,0.27320000,3196.60000000,0.279
1749261580,0.27310000,61097.70000000,0.279
1749261580,0.27300000,35331.50000000,0.279
1749261580,0.27290000,863.40000000,0.279
1749261580,0.27280000,1371.00000000,0.279
1749261580,0.27270000,16268.60000000,0.279
1749261580,0.27260000,623.60000000,0.279
1749261580,0.27250000,842.00000000,0.279
1749261580,0.27240000,1915.00000000,0.279
1749261580,0.27230000,2187.90000000,0.279
1749261580,0.27220000,2890.00000000,0.279
1749261580,0.27210000,32231.40000000,0.279
1749261580,0.27200000,7926.20000000,0.279
1749261580,0.27190000,2173.30000000,0.279
1749261580,0.27180000,1494.50000000,0.279
1749261580,0.27170000,2002.30000000,0.279
1749261580,0.27160000,14096.80000000,0.279
1749261580,0.27150000,3208.10000000,0.279
1749261580,0.27140000,4992.10000000,0.279
1749261580,0.27130000,4551.00000000,0.279
1749261580,0.27120000,3406.80000000,0.279
1749261580,0.27110000,217.20000000,0.279
1749261580,0.27100000,87741.80000000,0.279
1749261580,0.27090000,28410.20000000,0.279
1749261580,0.27080000,8648.10000000,0.279
1749261580,0.27070000,16269.70000000,0.279
1749261580,0.27060000,1649.90000000,0.279
1749261580,0.27050000,8136.70000000,0.279
1749261580,0.27040000,986.00000000,0.279
1749261580,0.27030000,11978.50000000,0.279
1749261580,0.27020000,410.50000000,0.279
1749261580,0.27010000,6447.80000000,0.279
1749261580,0.27000000,138655.90000000,0.279
1749261580,0.26990000,815.80000000,0.279
1749261580,0.26980000,5601.90000000,0.279
1749261580,0.26970000,3305.60000000,0.279
1749261580,0.26960000,1768.50000000,0.279
1749261580,0.26950000,1629.00000000,0.279
1749261580,0.26940000,4175.00000000,0.279
1749261580,0.26930000,3827.00000000,0.279
1749261580,0.26920000,2403.40000000,0.279
1749261580,0.26910000,9616.30000000,0.279
1749261890,0.27880000,166837.70000000,0.2788
1749261890,0.27870000,450849.00000000,0.2788
1749261890,0.27860000,1047072.40000000,0.2788
1749261890,0.27850000,839947.30000000,0.2788
1749261890,0.27840000,888375.40000000,0.2788
1749261890,0.27830000,704995.70000000,0.2788
1749261890,0.27820000,536731.40000000,0.2788
1749261890,0.27810000,514497.70000000,0.2788
1749261890,0.27800000,542080.70000000,0.2788
1749261890,0.27790000,675957.50000000,0.2788
1749261890,0.27780000,698200.60000000,0.2788
1749261890,0.27770000,426507.00000000,0.2788
1749261890,0.27760000,469999.70000000,0.2788
1749261890,0.27750000,340078.30000000,0.2788
1749261890,0.27740000,722779.40000000,0.2788
1749261890,0.27730000,352198.10000000,0.2788
1749261890,0.27720000,376105.50000000,0.2788
1749261890,0.27710000,326571.80000000,0.2788
1749261890,0.27700000,344059.10000000,0.2788
1749261890,0.27690000,373296.90000000,0.2788
1749261890,0.27680000,339857.70000000,0.2788
1749261890,0.27670000,240437.60000000,0.2788
1749261890,0.27660000,255562.00000000,0.2788
1749261890,0.27650000,1270.50000000,0.2788
1749261890,0.27640000,18448.20000000,0.2788
1749261890,0.27630000,226582.10000000,0.2788
1749261890,0.27620000,229028.70000000,0.2788
1749261890,0.27610000,211868.20000000,0.2788
1749261890,0.27600000,17364.30000000,0.2788
1749261890,0.27590000,66580.60000000,0.2788
1749261890,0.27580000,754.80000000,0.2788
1749261890,0.27570000,696.00000000,0.2788
1749261890,0.27560000,4523.60000000,0.2788
1749261890,0.27550000,1911.60000000,0.2788
1749261890,0.27540000,103366.20000000,0.2788
1749261890,0.27530000,3012.70000000,0.2788
1749261890,0.27520000,147895.20000000,0.2788
1749261890,0.27510000,601.60000000,0.2788
1749261890,0.27500000,17561.60000000,0.2788
1749261890,0.27490000,2111.50000000,0.2788
1749261890,0.27480000,86793.70000000,0.2788
1749261890,0.27470000,5942.20000000,0.2788
1749261890,0.27460000,1393.10000000,0.2788
1749261890,0.27450000,1216.50000000,0.2788
1749261890,0.27440000,7455.20000000,0.2788
1749261890,0.27430000,305.30000000,0.2788
1749261890,0.27420000,1611.50000000,0.2788
1749261890,0.27410000,540.20000000,0.2788
1749261890,0.27400000,109301.10000000,0.2788
1749261890,0.27390000,275.10000000,0.2788
1749261890,0.27380000,1881.10000000,0.2788
1749261890,0.27370000,10445.60000000,0.2788
1749261890,0.27360000,114331.50000000,0.2788
1749261890,0.27350000,3384.80000000,0.2788
1749261890,0.27340000,2033.90000000,0.2788
1749261890,0.27330000,1048.50000000,0.2788
1749261890,0.27320000,3196.60000000,0.2788
1749261890,0.27310000,61097.70000000,0.2788
1749261890,0.27300000,35331.50000000,0.2788
1749261890,0.27290000,863.40000000,0.2788
1749261890,0.27280000,1371.00000000,0.2788
1749261890,0.27270000,16268.60000000,0.2788
1749261890,0.27260000,623.60000000,0.2788
1749261890,0.27250000,842.00000000,0.2788
1749261890,0.27240000,1915.00000000,0.2788
1749261890,0.27230000,2187.90000000,0.2788
1749261890,0.27220000,2890.00000000,0.2788
1749261890,0.27210000,32231.40000000,0.2788
1749261890,0.27200000,7926.20000000,0.2788
1749261890,0.27190000,2173.30000000,0.2788
1749261890,0.27180000,1494.50000000,0.2788
1749261890,0.27170000,2002.30000000,0.2788
1749261890,0.27160000,14096.80000000,0.2788
1749261890,0.27150000,3208.10000000,0.2788
1749261890,0.27140000,4992.10000000,0.2788
1749261890,0.27130000,4551.00000000,0.2788
1749261890,0.27120000,3406.80000000,0.2788
1749261890,0.27110000,217.20000000,0.2788
1749261890,0.27100000,87741.80000000,0.2788
1749261890,0.27090000,28410.20000000,0.2788
1749261890,0.27080000,8648.10000000,0.2788
1749261890,0.27070000,16269.70000000,0.2788
1749261890,0.27060000,1649.90000000,0.2788
1749261890,0.27050000,8136.70000000,0.2788
1749261890,0.27040000,986.00000000,0.2788
1749261890,0.27030000,11978.50000000,0.2788
1749261890,0.27020000,410.50000000,0.2788
1749261890,0.27010000,6447.80000000,0.2788
1749261890,0.27000000,138655.90000000,0.2788
1749261890,0.26990000,815.80000000,0.2788
1749261890,0.26980000,5601.90000000,0.2788
1749261890,0.26970000,3305.60000000,0.2788
1749261890,0.26960000,1768.50000000,0.2788
1749261890,0.26950000,869.10000000,0.2788
1749261890,0.26940000,4175.00000000,0.2788
1749261890,0.26930000,3827.00000000,0.2788
1749261890,0.26920000,3164.10000000,0.2788
1749261890,0.26910000,9616.30000000,0.2788
1749261890,0.26900000,18402.80000000,0.2788
1749261890,0.26890000,30971.80000000,0.2788
1749262192,0.27880000,114587.10000000,0.2789
1749262192,0.27870000,467750.90000000,0.2789
1749262192,0.27860000,1101442.50000000,0.2789
1749262192,0.27850000,849883.30000000,0.2789
1749262192,0.27840000,792321.80000000,0.2789
1749262192,0.27830000,653271.90000000,0.2789
1749262192,0.27820000,506494.60000000,0.2789
1749262192,0.27810000,400533.10000000,0.2789
1749262192,0.27800000,569967.40000000,0.2789
1749262192,0.27790000,802798.70000000,0.2789
1749262192,0.27780000,695044.30000000,0.2789
1749262192,0.27770000,390525.70000000,0.2789
1749262192,0.27760000,506404.00000000,0.2789
1749262192,0.27750000,340150.30000000,0.2789
1749262192,0.27740000,672811.20000000,0.2789
1749262192,0.27730000,374276.60000000,0.2789
1749262192,0.27720000,340067.20000000,0.2789
1749262192,0.27710000,326571.80000000,0.2789
1749262192,0.27700000,344059.10000000,0.2789
1749262192,0.27690000,373296.90000000,0.2789
1749262192,0.27680000,339857.70000000,0.2789
1749262192,0.27670000,240437.60000000,0.2789
1749262192,0.27660000,255562.00000000,0.2789
1749262192,0.27650000,1270.50000000,0.2789
1749262192,0.27640000,18448.20000000,0.2789
1749262192,0.27630000,226064.20000000,0.2789
1749262192,0.27620000,229028.70000000,0.2789
1749262192,0.27610000,211868.20000000,0.2789
1749262192,0.27600000,13566.70000000,0.2789
1749262192,0.27590000,66580.70000000,0.2789
1749262192,0.27580000,754.80000000,0.2789
1749262192,0.27570000,732.20000000,0.2789
1749262192,0.27560000,20823.00000000,0.2789
1749262192,0.27550000,1911.60000000,0.2789
1749262192,0.27540000,87055.00000000,0.2789
1749262192,0.27530000,3012.70000000,0.2789
1749262192,0.27520000,147895.20000000,0.2789
1749262192,0.27510000,601.60000000,0.2789
1749262192,0.27500000,17561.60000000,0.2789
1749262192,0.27490000,2111.50000000,0.2789
1749262192,0.27480000,86793.70000000,0.2789
1749262192,0.27470000,5942.20000000,0.2789
1749262192,0.27460000,1393.10000000,0.2789
1749262192,0.27450000,1216.50000000,0.2789
1749262192,0.27440000,7455.20000000,0.2789
1749262192,0.27430000,305.30000000,0.2789
1749262192,0.27420000,1611.50000000,0.2789
1749262192,0.27410000,540.20000000,0.2789
1749262192,0.27400000,109301.10000000,0.2789
1749262192,0.27390000,275.10000000,0.2789
1749262192,0.27380000,1881.10000000,0.2789
1749262192,0.27370000,10445.60000000,0.2789
1749262192,0.27360000,114331.50000000,0.2789
1749262192,0.27350000,2651.00000000,0.2789
1749262192,0.27340000,2033.90000000,0.2789
1749262192,0.27330000,1048.50000000,0.2789
1749262192,0.27320000,3196.60000000,0.2789
1749262192,0.27310000,61097.70000000,0.2789
1749262192,0.27300000,35331.50000000,0.2789
1749262192,0.27290000,863.40000000,0.2789
1749262192,0.27280000,1371.00000000,0.2789
1749262192,0.27270000,16268.60000000,0.2789
1749262192,0.27260000,623.60000000,0.2789
1749262192,0.27250000,842.00000000,0.2789
1749262192,0.27240000,1915.00000000,0.2789
1749262192,0.27230000,2187.90000000,0.2789
1749262192,0.27220000,2890.00000000,0.2789
1749262192,0.27210000,32231.40000000,0.2789
1749262192,0.27200000,7926.20000000,0.2789
1749262192,0.27190000,2173.30000000,0.2789
1749262192,0.27180000,1494.50000000,0.2789
1749262192,0.27170000,2002.30000000,0.2789
1749262192,0.27160000,14096.80000000,0.2789
1749262192,0.27150000,3208.10000000,0.2789
1749262192,0.27140000,4992.10000000,0.2789
1749262192,0.27130000,4551.00000000,0.2789
1749262192,0.27120000,3406.80000000,0.2789
1749262192,0.27110000,217.20000000,0.2789
1749262192,0.27100000,87741.80000000,0.2789
1749262192,0.27090000,28410.20000000,0.2789
1749262192,0.27080000,8648.10000000,0.2789
1749262192,0.27070000,16269.70000000,0.2789
1749262192,0.27060000,1649.90000000,0.2789
1749262192,0.27050000,8136.70000000,0.2789
1749262192,0.27040000,986.00000000,0.2789
1749262192,0.27030000,11978.50000000,0.2789
1749262192,0.27020000,227.40000000,0.2789
1749262192,0.27010000,6447.80000000,0.2789
1749262192,0.27000000,138655.90000000,0.2789
1749262192,0.26990000,815.80000000,0.2789
1749262192,0.26980000,5601.90000000,0.2789
1749262192,0.26970000,3305.60000000,0.2789
1749262192,0.26960000,1768.50000000,0.2789
1749262192,0.26950000,869.10000000,0.2789
1749262192,0.26940000,4175.00000000,0.2789
1749262192,0.26930000,3827.00000000,0.2789
1749262192,0.26920000,3164.10000000,0.2789
1749262192,0.26910000,9616.30000000,0.2789
1749262192,0.26900000,18402.80000000,0.2789
1749262192,0.26890000,30971.80000000,0.2789
1749262498,0.27880000,144610.10000000,0.2789
1749262498,0.27870000,716397.90000000,0.2789
1749262498,0.27860000,1190421.80000000,0.2789
1749262498,0.27850000,733349.50000000,0.2789
1749262498,0.27840000,814971.10000000,0.2789
1749262498,0.27830000,728837.50000000,0.2789
1749262498,0.27820000,500502.10000000,0.2789
1749262498,0.27810000,384056.00000000,0.2789
1749262498,0.27800000,614398.90000000,0.2789
1749262498,0.27790000,766846.00000000,0.2789
1749262498,0.27780000,695044.30000000,0.2789
1749262498,0.27770000,426497.80000000,0.2789
1749262498,0.27760000,469398.70000000,0.2789
1749262498,0.27750000,340150.30000000,0.2789
1749262498,0.27740000,722763.40000000,0.2789
1749262498,0.27730000,352197.90000000,0.2789
1749262498,0.27720000,340067.20000000,0.2789
1749262498,0.27710000,326571.80000000,0.2789
1749262498,0.27700000,344059.10000000,0.2789
1749262498,0.27690000,373296.90000000,0.2789
1749262498,0.27680000,339857.70000000,0.2789
1749262498,0.27670000,240437.60000000,0.2789
1749262498,0.27660000,255562.00000000,0.2789
1749262498,0.27650000,1270.50000000,0.2789
1749262498,0.27640000,18448.20000000,0.2789
1749262498,0.27630000,225349.90000000,0.2789
1749262498,0.27620000,229028.70000000,0.2789
1749262498,0.27610000,211868.20000000,0.2789
1749262498,0.27600000,13566.70000000,0.2789
1749262498,0.27590000,66569.70000000,0.2789
1749262498,0.27580000,754.80000000,0.2789
1749262498,0.27570000,17025.70000000,0.2789
1749262498,0.27560000,4523.60000000,0.2789
1749262498,0.27550000,1891.60000000,0.2789
1749262498,0.27540000,87055.00000000,0.2789
1749262498,0.27530000,3012.70000000,0.2789
1749262498,0.27520000,147895.20000000,0.2789
1749262498,0.27510000,601.60000000,0.2789
1749262498,0.27500000,17561.60000000,0.2789
1749262498,0.27490000,2111.50000000,0.2789
1749262498,0.27480000,86793.70000000,0.2789
1749262498,0.27470000,5942.20000000,0.2789
1749262498,0.27460000,1393.10000000,0.2789
1749262498,0.27450000,1216.50000000,0.2789
1749262498,0.27440000,7455.20000000,0.2789
1749262498,0.27430000,305.30000000,0.2789
1749262498,0.27420000,1611.50000000,0.2789
1749262498,0.27410000,540.20000000,0.2789
1749262498,0.27400000,109301.10000000,0.2789
1749262498,0.27390000,275.10000000,0.2789
1749262498,0.27380000,1881.10000000,0.2789
1749262498,0.27370000,10445.60000000,0.2789
1749262498,0.27360000,114331.50000000,0.2789
1749262498,0.27350000,2651.00000000,0.2789
1749262498,0.27340000,2033.90000000,0.2789
1749262498,0.27330000,1048.50000000,0.2789
1749262498,0.27320000,3196.60000000,0.2789
1749262498,0.27310000,61097.70000000,0.2789
1749262498,0.27300000,35331.50000000,0.2789
1749262498,0.27290000,863.40000000,0.2789
1749262498,0.27280000,1371.00000000,0.2789
1749262498,0.27270000,16268.60000000,0.2789
1749262498,0.27260000,623.60000000,0.2789
1749262498,0.27250000,842.00000000,0.2789
1749262498,0.27240000,1915.00000000,0.2789
1749262498,0.27230000,2187.90000000,0.2789
1749262498,0.27220000,2890.00000000,0.2789
1749262498,0.27210000,32231.40000000,0.2789
1749262498,0.27200000,7926.20000000,0.2789
1749262498,0.27190000,2173.30000000,0.2789
1749262498,0.27180000,1494.50000000,0.2789
1749262498,0.27170000,2002.30000000,0.2789
1749262498,0.27160000,14096.80000000,0.2789
1749262498,0.27150000,3208.10000000,0.2789
1749262498,0.27140000,4992.10000000,0.2789
1749262498,0.27130000,4551.00000000,0.2789
1749262498,0.27120000,3406.80000000,0.2789
1749262498,0.27110000,217.20000000,0.2789
1749262498,0.27100000,87741.80000000,0.2789
1749262498,0.27090000,28410.20000000,0.2789
1749262498,0.27080000,8648.10000000,0.2789
1749262498,0.27070000,16269.70000000,0.2789
1749262498,0.27060000,1649.90000000,0.2789
1749262498,0.27050000,8136.70000000,0.2789
1749262498,0.27040000,986.00000000,0.2789
1749262498,0.27030000,11978.50000000,0.2789
1749262498,0.27020000,227.40000000,0.2789
1749262498,0.27010000,6447.80000000,0.2789
1749262498,0.27000000,138718.90000000,0.2789
1749262498,0.26990000,815.80000000,0.2789
1749262498,0.26980000,5601.90000000,0.2789
1749262498,0.26970000,3305.60000000,0.2789
1749262498,0.26960000,1768.50000000,0.2789
1749262498,0.26950000,869.10000000,0.2789
1749262498,0.26940000,4175.00000000,0.2789
1749262498,0.26930000,3827.00000000,0.2789
1749262498,0.26920000,3164.10000000,0.2789
1749262498,0.26910000,9616.30000000,0.2789
1749262498,0.26900000,18402.80000000,0.2789
1749262498,0.26890000,30971.80000000,0.2789
1749262800,0.27830000,719909.60000000,0.2784
1749262800,0.27820000,758140.70000000,0.2784
1749262800,0.27810000,706026.10000000,0.2784
1749262800,0.27800000,784452.20000000,0.2784
1749262800,0.27790000,679263.60000000,0.2784
1749262800,0.27780000,869562.60000000,0.2784
1749262800,0.27770000,718651.90000000,0.2784
1749262800,0.27760000,646366.40000000,0.2784
1749262800,0.27750000,518732.90000000,0.2784
1749262800,0.27740000,600221.30000000,0.2784
1749262800,0.27730000,342262.50000000,0.2784
1749262800,0.27720000,390056.20000000,0.2784
1749262800,0.27710000,460054.70000000,0.2784
1749262800,0.27700000,654841.00000000,0.2784
1749262800,0.27690000,416530.60000000,0.2784
1749262800,0.27680000,353807.70000000,0.2784
1749262800,0.27670000,240437.60000000,0.2784
1749262800,0.27660000,14931.20000000,0.2784
1749262800,0.27650000,48961.90000000,0.2784
1749262800,0.27640000,18448.20000000,0.2784
1749262800,0.27630000,123006.60000000,0.2784
1749262800,0.27620000,463227.60000000,0.2784
1749262800,0.27610000,211868.20000000,0.2784
1749262800,0.27600000,13566.70000000,0.2784
1749262800,0.27590000,15926.80000000,0.2784
1749262800,0.27580000,104767.40000000,0.2784
1749262800,0.27570000,732.20000000,0.2784
1749262800,0.27560000,4541.80000000,0.2784
1749262800,0.27550000,18196.90000000,0.2784
1749262800,0.27540000,51615.70000000,0.2784
1749262800,0.27530000,3012.70000000,0.2784
1749262800,0.27520000,1362.20000000,0.2784
1749262800,0.27510000,601.60000000,0.2784
1749262800,0.27500000,17561.60000000,0.2784
1749262800,0.27490000,2111.50000000,0.2784
1749262800,0.27480000,237508.30000000,0.2784
1749262800,0.27470000,91317.70000000,0.2784
1749262800,0.27460000,1393.10000000,0.2784
1749262800,0.27450000,1216.50000000,0.2784
1749262800,0.27440000,7455.20000000,0.2784
1749262800,0.27430000,305.30000000,0.2784
1749262800,0.27420000,1611.50000000,0.2784
1749262800,0.27410000,540.20000000,0.2784
1749262800,0.27400000,109301.10000000,0.2784
1749262800,0.27390000,275.10000000,0.2784
1749262800,0.27380000,1881.10000000,0.2784
1749262800,0.27370000,10445.60000000,0.2784
1749262800,0.27360000,114331.50000000,0.2784
1749262800,0.27350000,2651.00000000,0.2784
1749262800,0.27340000,2033.90000000,0.2784
1749262800,0.27330000,1048.50000000,0.2784
1749262800,0.27320000,3196.60000000,0.2784
1749262800,0.27310000,1332.80000000,0.2784
1749262800,0.27300000,35331.50000000,0.2784
1749262800,0.27290000,863.40000000,0.2784
1749262800,0.27280000,1371.00000000,0.2784
1749262800,0.27270000,74521.50000000,0.2784
1749262800,0.27260000,623.60000000,0.2784
1749262800,0.27250000,842.00000000,0.2784
1749262800,0.27240000,1915.00000000,0.2784
1749262800,0.27230000,2187.90000000,0.2784
1749262800,0.27220000,2890.00000000,0.2784
1749262800,0.27210000,32231.40000000,0.2784
1749262800,0.27200000,7926.20000000,0.2784
1749262800,0.27190000,2173.30000000,0.2784
1749262800,0.27180000,1494.50000000,0.2784
1749262800,0.27170000,2002.30000000,0.2784
1749262800,0.27160000,14096.80000000,0.2784
1749262800,0.27150000,3208.10000000,0.2784
1749262800,0.27140000,4992.10000000,0.2784
1749262800,0.27130000,4551.00000000,0.2784
1749262800,0.27120000,3406.80000000,0.2784
1749262800,0.27110000,217.20000000,0.2784
1749262800,0.27100000,30185.80000000,0.2784
1749262800,0.27090000,28410.20000000,0.2784
1749262800,0.27080000,8648.10000000,0.2784
1749262800,0.27070000,16269.70000000,0.2784
1749262800,0.27060000,60115.40000000,0.2784
1749262800,0.27050000,8136.70000000,0.2784
1749262800,0.27040000,986.00000000,0.2784
1749262800,0.27030000,11978.50000000,0.2784
1749262800,0.27020000,227.40000000,0.2784
1749262800,0.27010000,6447.80000000,0.2784
1749262800,0.27000000,138718.90000000,0.2784
1749262800,0.26990000,815.80000000,0.2784
1749262800,0.26980000,1379.60000000,0.2784
1749262800,0.26970000,3305.60000000,0.2784
1749262800,0.26960000,1768.50000000,0.2784
1749262800,0.26950000,869.10000000,0.2784
1749262800,0.26940000,4175.00000000,0.2784
1749262800,0.26930000,3827.00000000,0.2784
1749262800,0.26920000,2403.40000000,0.2784
1749262800,0.26910000,9616.30000000,0.2784
1749262800,0.26900000,19164.00000000,0.2784
1749262800,0.26890000,702.50000000,0.2784
1749262800,0.26880000,2502.00000000,0.2784
1749262800,0.26870000,727.70000000,0.2784
1749262800,0.26860000,41729.30000000,0.2784
1749262800,0.26850000,237.60000000,0.2784
1749262800,0.26840000,9231.60000000,0.2784
1749263101,0.27840000,225877.30000000,0.2785
1749263101,0.27830000,908823.70000000,0.2785
1749263101,0.27820000,778115.20000000,0.2785
1749263101,0.27810000,659066.60000000,0.2785
1749263101,0.27800000,774175.70000000,0.2785
1749263101,0.27790000,657590.20000000,0.2785
1749263101,0.27780000,681768.60000000,0.2785
1749263101,0.27770000,499076.70000000,0.2785
1749263101,0.27760000,851643.10000000,0.2785
1749263101,0.27750000,480066.30000000,0.2785
1749263101,0.27740000,602016.90000000,0.2785
1749263101,0.27730000,350883.70000000,0.2785
1749263101,0.27720000,495554.00000000,0.2785
1749263101,0.27710000,352280.80000000,0.2785
1749263101,0.27700000,686422.60000000,0.2785
1749263101,0.27690000,376331.90000000,0.2785
1749263101,0.27680000,339857.70000000,0.2785
1749263101,0.27670000,240437.60000000,0.2785
1749263101,0.27660000,14931.20000000,0.2785
1749263101,0.27650000,49261.90000000,0.2785
1749263101,0.27640000,30908.20000000,0.2785
1749263101,0.27630000,123006.60000000,0.2785
1749263101,0.27620000,463227.60000000,0.2785
1749263101,0.27610000,211868.20000000,0.2785
1749263101,0.27600000,13266.70000000,0.2785
1749263101,0.27590000,119143.60000000,0.2785
1749263101,0.27580000,754.80000000,0.2785
1749263101,0.27570000,732.20000000,0.2785
1749263101,0.27560000,4541.80000000,0.2785
1749263101,0.27550000,52607.60000000,0.2785
1749263101,0.27540000,889.90000000,0.2785
1749263101,0.27530000,19329.90000000,0.2785
1749263101,0.27520000,1362.20000000,0.2785
1749263101,0.27510000,601.60000000,0.2785
1749263101,0.27500000,18705.00000000,0.2785
1749263101,0.27490000,934.80000000,0.2785
1749263101,0.27480000,237508.30000000,0.2785
1749263101,0.27470000,91317.70000000,0.2785
1749263101,0.27460000,1393.10000000,0.2785
1749263101,0.27450000,1216.50000000,0.2785
1749263101,0.27440000,7455.20000000,0.2785
1749263101,0.27430000,305.30000000,0.2785
1749263101,0.27420000,1611.50000000,0.2785
1749263101,0.27410000,540.20000000,0.2785
1749263101,0.27400000,109301.10000000,0.2785
1749263101,0.27390000,275.10000000,0.2785
1749263101,0.27380000,1881.10000000,0.2785
1749263101,0.27370000,10445.60000000,0.2785
1749263101,0.27360000,114331.50000000,0.2785
1749263101,0.27350000,2651.00000000,0.2785
1749263101,0.27340000,2033.90000000,0.2785
1749263101,0.27330000,1048.50000000,0.2785
1749263101,0.27320000,3196.60000000,0.2785
1749263101,0.27310000,1332.80000000,0.2785
1749263101,0.27300000,35331.50000000,0.2785
1749263101,0.27290000,863.40000000,0.2785
1749263101,0.27280000,1371.00000000,0.2785
1749263101,0.27270000,74521.50000000,0.2785
1749263101,0.27260000,623.60000000,0.2785
1749263101,0.27250000,842.00000000,0.2785
1749263101,0.27240000,1915.00000000,0.2785
1749263101,0.27230000,2187.90000000,0.2785
1749263101,0.27220000,2890.00000000,0.2785
1749263101,0.27210000,32231.40000000,0.2785
1749263101,0.27200000,7926.20000000,0.2785
1749263101,0.27190000,2173.30000000,0.2785
1749263101,0.27180000,1494.50000000,0.2785
1749263101,0.27170000,2002.30000000,0.2785
1749263101,0.27160000,14096.80000000,0.2785
1749263101,0.27150000,3208.10000000,0.2785
1749263101,0.27140000,4992.10000000,0.2785
1749263101,0.27130000,4551.00000000,0.2785
1749263101,0.27120000,3406.80000000,0.2785
1749263101,0.27110000,217.20000000,0.2785
1749263101,0.27100000,30185.80000000,0.2785
1749263101,0.27090000,28410.20000000,0.2785
1749263101,0.27080000,8648.10000000,0.2785
1749263101,0.27070000,16269.70000000,0.2785
1749263101,0.27060000,60115.40000000,0.2785
1749263101,0.27050000,8136.70000000,0.2785
1749263101,0.27040000,986.00000000,0.2785
1749263101,0.27030000,11978.50000000,0.2785
1749263101,0.27020000,227.40000000,0.2785
1749263101,0.27010000,6447.80000000,0.2785
1749263101,0.27000000,138718.90000000,0.2785
1749263101,0.26990000,815.80000000,0.2785
1749263101,0.26980000,1379.60000000,0.2785
1749263101,0.26970000,3305.60000000,0.2785
1749263101,0.26960000,1768.50000000,0.2785
1749263101,0.26950000,869.10000000,0.2785
1749263101,0.26940000,4175.00000000,0.2785
1749263101,0.26930000,3827.00000000,0.2785
1749263101,0.26920000,2403.40000000,0.2785
1749263101,0.26910000,9616.30000000,0.2785
1749263101,0.26900000,18402.80000000,0.2785
1749263101,0.26890000,702.50000000,0.2785
1749263101,0.26880000,2502.00000000,0.2785
1749263101,0.26870000,1489.80000000,0.2785
1749263101,0.26860000,41729.30000000,0.2785
1749263101,0.26850000,237.60000000,0.2785
1749263403,0.27840000,163888.50000000,0.2785
1749263403,0.27830000,842713.10000000,0.2785
1749263403,0.27820000,940611.50000000,0.2785
1749263403,0.27810000,768687.70000000,0.2785
1749263403,0.27800000,694369.90000000,0.2785
1749263403,0.27790000,676479.90000000,0.2785
1749263403,0.27780000,668382.80000000,0.2785
1749263403,0.27770000,672900.90000000,0.2785
1749263403,0.27760000,704846.00000000,0.2785
1749263403,0.27750000,473666.30000000,0.2785
1749263403,0.27740000,856472.00000000,0.2785
1749263403,0.27730000,350883.70000000,0.2785
1749263403,0.27720000,469624.70000000,0.2785
1749263403,0.27710000,388333.60000000,0.2785
1749263403,0.27700000,646220.30000000,0.2785
1749263403,0.27690000,380461.70000000,0.2785
1749263403,0.27680000,389896.50000000,0.2785
1749263403,0.27670000,254387.60000000,0.2785
1749263403,0.27660000,14931.20000000,0.2785
1749263403,0.27650000,51866.60000000,0.2785
1749263403,0.27640000,18448.20000000,0.2785
1749263403,0.27630000,123006.60000000,0.2785
1749263403,0.27620000,463227.60000000,0.2785
1749263403,0.27610000,211868.20000000,0.2785
1749263403,0.27600000,13266.70000000,0.2785
1749263403,0.27590000,122411.20000000,0.2785
1749263403,0.27580000,754.80000000,0.2785
1749263403,0.27570000,732.20000000,0.2785
1749263403,0.27560000,4541.80000000,0.2785
1749263403,0.27550000,52152.10000000,0.2785
1749263403,0.27540000,889.90000000,0.2785
1749263403,0.27530000,19329.90000000,0.2785
1749263403,0.27520000,1362.20000000,0.2785
1749263403,0.27510000,601.60000000,0.2785
1749263403,0.27500000,18705.00000000,0.2785
1749263403,0.27490000,934.80000000,0.2785
1749263403,0.27480000,237508.30000000,0.2785
1749263403,0.27470000,91317.70000000,0.2785
1749263403,0.27460000,1393.10000000,0.2785
1749263403,0.27450000,1216.50000000,0.2785
1749263403,0.27440000,7455.20000000,0.2785
1749263403,0.27430000,305.30000000,0.2785
1749263403,0.27420000,1611.50000000,0.2785
1749263403,0.27410000,540.20000000,0.2785
1749263403,0.27400000,109301.10000000,0.2785
1749263403,0.27390000,275.10000000,0.2785
1749263403,0.27380000,1881.10000000,0.2785
1749263403,0.27370000,10445.60000000,0.2785
1749263403,0.27360000,114331.50000000,0.2785
1749263403,0.27350000,2651.00000000,0.2785
1749263403,0.27340000,2033.90000000,0.2785
1749263403,0.27330000,1048.50000000,0.2785
1749263403,0.27320000,3196.60000000,0.2785
1749263403,0.27310000,1332.80000000,0.2785
1749263403,0.27300000,35331.50000000,0.2785
1749263403,0.27290000,6511.20000000,0.2785
1749263403,0.27280000,1371.00000000,0.2785
1749263403,0.27270000,74521.50000000,0.2785
1749263403,0.27260000,623.60000000,0.2785
1749263403,0.27250000,842.00000000,0.2785
1749263403,0.27240000,1915.00000000,0.2785
1749263403,0.27230000,2187.90000000,0.2785
1749263403,0.27220000,2890.00000000,0.2785
1749263403,0.27210000,32231.40000000,0.2785
1749263403,0.27200000,7926.20000000,0.2785
1749263403,0.27190000,2173.30000000,0.2785
1749263403,0.27180000,1494.50000000,0.2785
1749263403,0.27170000,2002.30000000,0.2785
1749263403,0.27160000,14096.80000000,0.2785
1749263403,0.27150000,3208.10000000,0.2785
1749263403,0.27140000,4992.10000000,0.2785
1749263403,0.27130000,4551.00000000,0.2785
1749263403,0.27120000,3406.80000000,0.2785
1749263403,0.27110000,217.20000000,0.2785
1749263403,0.27100000,30185.80000000,0.2785
1749263403,0.27090000,28410.20000000,0.2785
1749263403,0.27080000,8648.10000000,0.2785
1749263403,0.27070000,16269.70000000,0.2785
1749263403,0.27060000,60115.40000000,0.2785
1749263403,0.27050000,8136.70000000,0.2785
1749263403,0.27040000,986.00000000,0.2785
1749263403,0.27030000,11978.50000000,0.2785
1749263403,0.27020000,227.40000000,0.2785
1749263403,0.27010000,6447.80000000,0.2785
1749263403,0.27000000,138622.00000000,0.2785
1749263403,0.26990000,815.80000000,0.2785
1749263403,0.26980000,1379.60000000,0.2785
1749263403,0.26970000,3305.60000000,0.2785
1749263403,0.26960000,1768.50000000,0.2785
1749263403,0.26950000,869.10000000,0.2785
1749263403,0.26940000,4175.00000000,0.2785
1749263403,0.26930000,3827.00000000,0.2785
1749263403,0.26920000,2403.40000000,0.2785
1749263403,0.26910000,9616.30000000,0.2785
1749263403,0.26900000,18402.80000000,0.2785
1749263403,0.26890000,702.50000000,0.2785
1749263403,0.26880000,2502.00000000,0.2785
1749263403,0.26870000,1489.80000000,0.2785
1749263403,0.26860000,41729.30000000,0.2785
1749263403,0.26850000,237.60000000,0.2785
1749263704,0.27840000,78471.20000000,0.2784
1749263704,0.27830000,841762.60000000,0.2784
1749263704,0.27820000,1017866.60000000,0.2784
1749263704,0.27810000,622231.00000000,0.2784
1749263704,0.27800000,718637.90000000,0.2784
1749263704,0.27790000,713879.00000000,0.2784
1749263704,0.27780000,691340.40000000,0.2784
1749263704,0.27770000,490839.20000000,0.2784
1749263704,0.27760000,703051.70000000,0.2784
1749263704,0.27750000,528541.50000000,0.2784
1749263704,0.27740000,820460.00000000,0.2784
1749263704,0.27730000,350883.60000000,0.2784
1749263704,0.27720000,506591.40000000,0.2784
1749263704,0.27710000,352280.70000000,0.2784
1749263704,0.27700000,682292.50000000,0.2784
1749263704,0.27690000,380445.30000000,0.2784
1749263704,0.27680000,353807.60000000,0.2784
1749263704,0.27670000,240437.50000000,0.2784
1749263704,0.27660000,14931.10000000,0.2784
1749263704,0.27650000,51866.50000000,0.2784
1749263704,0.27640000,18448.10000000,0.2784
1749263704,0.27630000,123006.50000000,0.2784
1749263704,0.27620000,463209.40000000,0.2784
1749263704,0.27610000,211850.00000000,0.2784
1749263704,0.27600000,13248.50000000,0.2784
1749263704,0.27590000,120119.50000000,0.2784
1749263704,0.27580000,736.60000000,0.2784
1749263704,0.27570000,4515.70000000,0.2784
1749263704,0.27560000,4523.50000000,0.2784
1749263704,0.27550000,52402.30000000,0.2784
1749263704,0.27540000,17182.90000000,0.2784
1749263704,0.27530000,2994.50000000,0.2784
1749263704,0.27520000,1344.00000000,0.2784
1749263704,0.27510000,583.40000000,0.2784
1749263704,0.27500000,17543.40000000,0.2784
1749263704,0.27490000,916.60000000,0.2784
1749263704,0.27480000,237490.10000000,0.2784
1749263704,0.27470000,91299.40000000,0.2784
1749263704,0.27460000,1374.80000000,0.2784
1749263704,0.27450000,1198.20000000,0.2784
1749263704,0.27440000,7436.90000000,0.2784
1749263704,0.27430000,287.00000000,0.2784
1749263704,0.27420000,1593.20000000,0.2784
1749263704,0.27410000,521.90000000,0.2784
1749263704,0.27400000,109282.80000000,0.2784
1749263704,0.27390000,256.80000000,0.2784
1749263704,0.27380000,1862.80000000,0.2784
1749263704,0.27370000,10427.30000000,0.2784
1749263704,0.27360000,114313.20000000,0.2784
1749263704,0.27350000,2632.70000000,0.2784
1749263704,0.27340000,2015.60000000,0.2784
1749263704,0.27330000,1030.20000000,0.2784
1749263704,0.27320000,3196.60000000,0.2784
1749263704,0.27310000,1332.80000000,0.2784
1749263704,0.27300000,35331.50000000,0.2784
1749263704,0.27290000,863.40000000,0.2784
1749263704,0.27280000,1371.00000000,0.2784
1749263704,0.27270000,74521.50000000,0.2784
1749263704,0.27260000,623.60000000,0.2784
1749263704,0.27250000,842.00000000,0.2784
1749263704,0.27240000,1915.00000000,0.2784
1749263704,0.27230000,2187.90000000,0.2784
1749263704,0.27220000,2890.00000000,0.2784
1749263704,0.27210000,32231.40000000,0.2784
1749263704,0.27200000,7926.20000000,0.2784
1749263704,0.27190000,2173.30000000,0.2784
1749263704,0.27180000,1494.50000000,0.2784
1749263704,0.27170000,2002.30000000,0.2784
1749263704,0.27160000,14096.80000000,0.2784
1749263704,0.27150000,3208.10000000,0.2784
1749263704,0.27140000,4992.10000000,0.2784
1749263704,0.27130000,4551.00000000,0.2784
1749263704,0.27120000,3406.80000000,0.2784
1749263704,0.27110000,217.20000000,0.2784
1749263704,0.27100000,30185.80000000,0.2784
1749263704,0.27090000,28410.20000000,0.2784
1749263704,0.27080000,8648.10000000,0.2784
1749263704,0.27070000,16269.70000000,0.2784
1749263704,0.27060000,60115.40000000,0.2784
1749263704,0.27050000,8136.70000000,0.2784
1749263704,0.27040000,986.00000000,0.2784
1749263704,0.27030000,11978.50000000,0.2784
1749263704,0.27020000,227.40000000,0.2784
1749263704,0.27010000,14959.30000000,0.2784
1749263704,0.27000000,138622.00000000,0.2784
1749263704,0.26990000,815.80000000,0.2784
1749263704,0.26980000,1379.60000000,0.2784
1749263704,0.26970000,3305.60000000,0.2784
1749263704,0.26960000,1768.50000000,0.2784
1749263704,0.26950000,869.10000000,0.2784
1749263704,0.26940000,4175.00000000,0.2784
1749263704,0.26930000,3827.00000000,0.2784
1749263704,0.26920000,2403.40000000,0.2784
1749263704,0.26910000,9616.30000000,0.2784
1749263704,0.26900000,18402.80000000,0.2784
1749263704,0.26890000,702.50000000,0.2784
1749263704,0.26880000,2502.00000000,0.2784
1749263704,0.26870000,1489.80000000,0.2784
1749263704,0.26860000,41729.30000000,0.2784
1749263704,0.26850000,237.60000000,0.2784
1749264006,0.27790000,722523.90000000,0.278
1749264006,0.27780000,744064.90000000,0.278
1749264006,0.27770000,705652.00000000,0.278
1749264006,0.27760000,795180.40000000,0.278
1749264006,0.27750000,764083.70000000,0.278
1749264006,0.27740000,876883.90000000,0.278
1749264006,0.27730000,893311.30000000,0.278
1749264006,0.27720000,551136.70000000,0.278
1749264006,0.27710000,467688.10000000,0.278
1749264006,0.27700000,889317.60000000,0.278
1749264006,0.27690000,340577.90000000,0.278
1749264006,0.27680000,401709.80000000,0.278
1749264006,0.27670000,367753.50000000,0.278
1749264006,0.27660000,117076.70000000,0.278
1749264006,0.27650000,4175.10000000,0.278
1749264006,0.27640000,18448.10000000,0.278
1749264006,0.27630000,126406.10000000,0.278
1749264006,0.27620000,463209.40000000,0.278
1749264006,0.27610000,258487.70000000,0.278
1749264006,0.27600000,13248.50000000,0.278
1749264006,0.27590000,19570.90000000,0.278
1749264006,0.27580000,736.60000000,0.278
1749264006,0.27570000,713.90000000,0.278
1749264006,0.27560000,4523.50000000,0.278
1749264006,0.27550000,1673.90000000,0.278
1749264006,0.27540000,105507.80000000,0.278
1749264006,0.27530000,6801.80000000,0.278
1749264006,0.27520000,9443.80000000,0.278
1749264006,0.27510000,67724.10000000,0.278
1749264006,0.27500000,17543.40000000,0.278
1749264006,0.27490000,916.60000000,0.278
1749264006,0.27480000,237490.10000000,0.278
1749264006,0.27470000,91299.40000000,0.278
1749264006,0.27460000,1374.80000000,0.278
1749264006,0.27450000,2284.80000000,0.278
1749264006,0.27440000,7436.90000000,0.278
1749264006,0.27430000,287.00000000,0.278
1749264006,0.27420000,1593.20000000,0.278
1749264006,0.27410000,431.60000000,0.278
1749264006,0.27400000,23939.90000000,0.278
1749264006,0.27390000,256.80000000,0.278
1749264006,0.27380000,1862.80000000,0.278
1749264006,0.27370000,10427.30000000,0.278
1749264006,0.27360000,114313.20000000,0.278
1749264006,0.27350000,2632.70000000,0.278
1749264006,0.27340000,87566.00000000,0.278
1749264006,0.27330000,1030.20000000,0.278
1749264006,0.27320000,3287.20000000,0.278
1749264006,0.27310000,1332.80000000,0.278
1749264006,0.27300000,35331.50000000,0.278
1749264006,0.27290000,863.40000000,0.278
1749264006,0.27280000,1371.00000000,0.278
1749264006,0.27270000,74521.50000000,0.278
1749264006,0.27260000,623.60000000,0.278
1749264006,0.27250000,6498.10000000,0.278
1749264006,0.27240000,1915.00000000,0.278
1749264006,0.27230000,2187.90000000,0.278
1749264006,0.27220000,1803.40000000,0.278
1749264006,0.27210000,32231.40000000,0.278
1749264006,0.27200000,7926.20000000,0.278
1749264006,0.27190000,2173.30000000,0.278
1749264006,0.27180000,1494.50000000,0.278
1749264006,0.27170000,2002.30000000,0.278
1749264006,0.27160000,14096.80000000,0.278
1749264006,0.27150000,3208.10000000,0.278
1749264006,0.27140000,4992.10000000,0.278
1749264006,0.27130000,4551.00000000,0.278
1749264006,0.27120000,3425.30000000,0.278
1749264006,0.27110000,217.20000000,0.278
1749264006,0.27100000,30185.80000000,0.278
1749264006,0.27090000,29496.80000000,0.278
1749264006,0.27080000,8648.10000000,0.278
1749264006,0.27070000,16269.70000000,0.278
1749264006,0.27060000,60115.40000000,0.278
1749264006,0.27050000,8136.70000000,0.278
1749264006,0.27040000,986.00000000,0.278
1749264006,0.27030000,11978.50000000,0.278
1749264006,0.27020000,227.40000000,0.278
1749264006,0.27010000,6447.80000000,0.278
1749264006,0.27000000,138622.00000000,0.278
1749264006,0.26990000,815.80000000,0.278
1749264006,0.26980000,1379.60000000,0.278
1749264006,0.26970000,3305.60000000,0.278
1749264006,0.26960000,10295.80000000,0.278
1749264006,0.26950000,869.10000000,0.278
1749264006,0.26940000,4175.00000000,0.278
1749264006,0.26930000,3827.00000000,0.278
1749264006,0.26920000,2403.40000000,0.278
1749264006,0.26910000,9616.30000000,0.278
1749264006,0.26900000,18402.80000000,0.278
1749264006,0.26890000,702.50000000,0.278
1749264006,0.26880000,2502.00000000,0.278
1749264006,0.26870000,727.70000000,0.278
1749264006,0.26860000,42491.70000000,0.278
1749264006,0.26850000,237.60000000,0.278
1749264006,0.26840000,9231.60000000,0.278
1749264006,0.26830000,711.40000000,0.278
1749264006,0.26820000,27967.70000000,0.278
1749264006,0.26810000,1449.50000000,0.278
1749264006,0.26800000,64880.80000000,0.278
1749264308,0.27800000,143319.70000000,0.278
1749264308,0.27790000,925905.60000000,0.278
1749264308,0.27780000,847712.70000000,0.278
1749264308,0.27770000,697212.10000000,0.278
1749264308,0.27760000,750465.20000000,0.278
1749264308,0.27750000,724306.50000000,0.278
1749264308,0.27740000,545996.60000000,0.278
1749264308,0.27730000,808672.20000000,0.278
1749264308,0.27720000,545942.50000000,0.278
1749264308,0.27710000,553238.70000000,0.278
1749264308,0.27700000,901561.10000000,0.278
1749264308,0.27690000,376489.30000000,0.278
1749264308,0.27680000,471791.00000000,0.278
1749264308,0.27670000,265996.60000000,0.278
1749264308,0.27660000,105213.20000000,0.278
1749264308,0.27650000,18125.10000000,0.278
1749264308,0.27640000,32398.10000000,0.278
1749264308,0.27630000,124319.20000000,0.278
1749264308,0.27620000,463209.40000000,0.278
1749264308,0.27610000,258487.70000000,0.278
1749264308,0.27600000,31161.30000000,0.278
1749264308,0.27590000,19570.90000000,0.278
1749264308,0.27580000,736.60000000,0.278
1749264308,0.27570000,713.90000000,0.278
1749264308,0.27560000,8185.80000000,0.278
1749264308,0.27550000,105561.90000000,0.278
1749264308,0.27540000,4862.50000000,0.278
1749264308,0.27530000,2994.50000000,0.278
1749264308,0.27520000,51656.10000000,0.278
1749264308,0.27510000,583.40000000,0.278
1749264308,0.27500000,17543.40000000,0.278
1749264308,0.27490000,17257.50000000,0.278
1749264308,0.27480000,152375.60000000,0.278
1749264308,0.27470000,91299.40000000,0.278
1749264308,0.27460000,1374.80000000,0.278
1749264308,0.27450000,2284.80000000,0.278
1749264308,0.27440000,7436.90000000,0.278
1749264308,0.27430000,287.00000000,0.278
1749264308,0.27420000,86894.00000000,0.278
1749264308,0.27410000,431.60000000,0.278
1749264308,0.27400000,23939.90000000,0.278
1749264308,0.27390000,256.80000000,0.278
1749264308,0.27380000,2949.40000000,0.278
1749264308,0.27370000,10427.30000000,0.278
1749264308,0.27360000,114313.20000000,0.278
1749264308,0.27350000,2632.70000000,0.278
1749264308,0.27340000,87566.00000000,0.278
1749264308,0.27330000,1030.20000000,0.278
1749264308,0.27320000,3287.20000000,0.278
1749264308,0.27310000,1332.80000000,0.278
1749264308,0.27300000,35331.50000000,0.278
1749264308,0.27290000,863.40000000,0.278
1749264308,0.27280000,1371.00000000,0.278
1749264308,0.27270000,74521.50000000,0.278
1749264308,0.27260000,6277.60000000,0.278
1749264308,0.27250000,842.00000000,0.278
1749264308,0.27240000,1915.00000000,0.278
1749264308,0.27230000,2187.90000000,0.278
1749264308,0.27220000,1803.40000000,0.278
1749264308,0.27210000,32231.40000000,0.278
1749264308,0.27200000,7926.20000000,0.278
1749264308,0.27190000,2173.30000000,0.278
1749264308,0.27180000,1494.50000000,0.278
1749264308,0.27170000,2002.30000000,0.278
1749264308,0.27160000,14096.80000000,0.278
1749264308,0.27150000,3208.10000000,0.278
1749264308,0.27140000,4992.10000000,0.278
1749264308,0.27130000,4551.00000000,0.278
1749264308,0.27120000,3425.30000000,0.278
1749264308,0.27110000,217.20000000,0.278
1749264308,0.27100000,30185.80000000,0.278
1749264308,0.27090000,28410.20000000,0.278
1749264308,0.27080000,8648.10000000,0.278
1749264308,0.27070000,16269.70000000,0.278
1749264308,0.27060000,60115.40000000,0.278
1749264308,0.27050000,8136.70000000,0.278
1749264308,0.27040000,986.00000000,0.278
1749264308,0.27030000,11978.50000000,0.278
1749264308,0.27020000,227.40000000,0.278
1749264308,0.27010000,6447.80000000,0.278
1749264308,0.27000000,138622.00000000,0.278
1749264308,0.26990000,815.80000000,0.278
1749264308,0.26980000,9900.60000000,0.278
1749264308,0.26970000,3305.60000000,0.278
1749264308,0.26960000,1768.50000000,0.278
1749264308,0.26950000,869.10000000,0.278
1749264308,0.26940000,4175.00000000,0.278
1749264308,0.26930000,3827.00000000,0.278
1749264308,0.26920000,2403.40000000,0.278
1749264308,0.26910000,9616.30000000,0.278
1749264308,0.26900000,18402.80000000,0.278
1749264308,0.26890000,702.50000000,0.278
1749264308,0.26880000,2502.00000000,0.278
1749264308,0.26870000,727.70000000,0.278
1749264308,0.26860000,41729.30000000,0.278
1749264308,0.26850000,237.60000000,0.278
1749264308,0.26840000,9994.60000000,0.278
1749264308,0.26830000,711.40000000,0.278
1749264308,0.26820000,27967.70000000,0.278
1749264308,0.26810000,1449.50000000,0.278
1749264610,0.27800000,128277.70000000,0.2781
1749264610,0.27790000,916675.90000000,0.2781
1749264610,0.27780000,852485.80000000,0.2781
1749264610,0.27770000,737382.70000000,0.2781
1749264610,0.27760000,716785.60000000,0.2781
1749264610,0.27750000,777069.50000000,0.2781
1749264610,0.27740000,727888.50000000,0.2781
1749264610,0.27730000,772079.10000000,0.2781
1749264610,0.27720000,532269.90000000,0.2781
1749264610,0.27710000,586131.20000000,0.2781
1749264610,0.27700000,624603.50000000,0.2781
1749264610,0.27690000,340406.90000000,0.2781
1749264610,0.27680000,507888.00000000,0.2781
1749264610,0.27670000,254206.40000000,0.2781
1749264610,0.27660000,357315.20000000,0.2781
1749264610,0.27650000,54258.20000000,0.2781
1749264610,0.27640000,32398.10000000,0.2781
1749264610,0.27630000,124319.20000000,0.2781
1749264610,0.27620000,463209.40000000,0.2781
1749264610,0.27610000,258487.70000000,0.2781
1749264610,0.27600000,31691.70000000,0.2781
1749264610,0.27590000,19570.90000000,0.2781
1749264610,0.27580000,736.60000000,0.2781
1749264610,0.27570000,713.90000000,0.2781
1749264610,0.27560000,8185.80000000,0.2781
1749264610,0.27550000,105561.90000000,0.2781
1749264610,0.27540000,871.70000000,0.2781
1749264610,0.27530000,2994.50000000,0.2781
1749264610,0.27520000,1344.00000000,0.2781
1749264610,0.27510000,51383.10000000,0.2781
1749264610,0.27500000,17543.40000000,0.2781
1749264610,0.27490000,17257.50000000,0.2781
1749264610,0.27480000,152375.60000000,0.2781
1749264610,0.27470000,91299.40000000,0.2781
1749264610,0.27460000,1374.80000000,0.2781
1749264610,0.27450000,2284.80000000,0.2781
1749264610,0.27440000,7436.90000000,0.2781
1749264610,0.27430000,287.00000000,0.2781
1749264610,0.27420000,86894.00000000,0.2781
1749264610,0.27410000,431.60000000,0.2781
1749264610,0.27400000,23939.90000000,0.2781
1749264610,0.27390000,256.80000000,0.2781
1749264610,0.27380000,2949.40000000,0.2781
1749264610,0.27370000,10427.30000000,0.2781
1749264610,0.27360000,114313.20000000,0.2781
1749264610,0.27350000,2632.70000000,0.2781
1749264610,0.27340000,2015.60000000,0.2781
1749264610,0.27330000,1030.20000000,0.2781
1749264610,0.27320000,3287.20000000,0.2781
1749264610,0.27310000,1332.80000000,0.2781
1749264610,0.27300000,35331.50000000,0.2781
1749264610,0.27290000,863.40000000,0.2781
1749264610,0.27280000,87109.50000000,0.2781
1749264610,0.27270000,74521.50000000,0.2781
1749264610,0.27260000,623.60000000,0.2781
1749264610,0.27250000,842.00000000,0.2781
1749264610,0.27240000,1915.00000000,0.2781
1749264610,0.27230000,2187.90000000,0.2781
1749264610,0.27220000,1803.40000000,0.2781
1749264610,0.27210000,32231.40000000,0.2781
1749264610,0.27200000,7926.20000000,0.2781
1749264610,0.27190000,2173.30000000,0.2781
1749264610,0.27180000,1494.50000000,0.2781
1749264610,0.27170000,2002.30000000,0.2781
1749264610,0.27160000,14096.80000000,0.2781
1749264610,0.27150000,3208.10000000,0.2781
1749264610,0.27140000,4992.10000000,0.2781
1749264610,0.27130000,4551.00000000,0.2781
1749264610,0.27120000,3425.30000000,0.2781
1749264610,0.27110000,217.20000000,0.2781
1749264610,0.27100000,30185.80000000,0.2781
1749264610,0.27090000,28410.20000000,0.2781
1749264610,0.27080000,8648.10000000,0.2781
1749264610,0.27070000,16269.70000000,0.2781
1749264610,0.27060000,60115.40000000,0.2781
1749264610,0.27050000,8136.70000000,0.2781
1749264610,0.27040000,986.00000000,0.2781
1749264610,0.27030000,11978.50000000,0.2781
1749264610,0.27020000,227.40000000,0.2781
1749264610,0.27010000,6447.80000000,0.2781
1749264610,0.27000000,138622.00000000,0.2781
1749264610,0.26990000,815.80000000,0.2781
1749264610,0.26980000,1379.60000000,0.2781
1749264610,0.26970000,3305.60000000,0.2781
1749264610,0.26960000,1768.50000000,0.2781
1749264610,0.26950000,869.10000000,0.2781
1749264610,0.26940000,4175.00000000,0.2781
1749264610,0.26930000,3827.00000000,0.2781
1749264610,0.26920000,2403.40000000,0.2781
1749264610,0.26910000,9616.30000000,0.2781
1749264610,0.26900000,18402.80000000,0.2781
1749264610,0.26890000,702.50000000,0.2781
1749264610,0.26880000,2502.00000000,0.2781
1749264610,0.26870000,727.70000000,0.2781
1749264610,0.26860000,41729.30000000,0.2781
1749264610,0.26850000,237.60000000,0.2781
1749264610,0.26840000,9994.60000000,0.2781
1749264610,0.26830000,711.40000000,0.2781
1749264610,0.26820000,27967.70000000,0.2781
1749264610,0.26810000,1449.50000000,0.2781
1749264911,0.27800000,148818.50000000,0.2781
1749264911,0.27790000,829325.80000000,0.2781
1749264911,0.27780000,951509.40000000,0.2781
1749264911,0.27770000,797286.50000000,0.2781
1749264911,0.27760000,677649.20000000,0.2781
1749264911,0.27750000,697091.60000000,0.2781
1749264911,0.27740000,743861.30000000,0.2781
1749264911,0.27730000,605558.00000000,0.2781
1749264911,0.27720000,498445.20000000,0.2781
1749264911,0.27710000,587274.40000000,0.2781
1749264911,0.27700000,910330.00000000,0.2781
1749264911,0.27690000,340406.90000000,0.2781
1749264911,0.27680000,473389.40000000,0.2781
1749264911,0.27670000,290318.10000000,0.2781
1749264911,0.27660000,357315.60000000,0.2781
1749264911,0.27650000,18125.10000000,0.2781
1749264911,0.27640000,68545.90000000,0.2781
1749264911,0.27630000,124319.20000000,0.2781
1749264911,0.27620000,463209.40000000,0.2781
1749264911,0.27610000,258487.70000000,0.2781
1749264911,0.27600000,19213.60000000,0.2781
1749264911,0.27590000,32053.50000000,0.2781
1749264911,0.27580000,736.60000000,0.2781
1749264911,0.27570000,713.90000000,0.2781
1749264911,0.27560000,8185.80000000,0.2781
1749264911,0.27550000,109005.30000000,0.2781
1749264911,0.27540000,871.70000000,0.2781
1749264911,0.27530000,2994.50000000,0.2781
1749264911,0.27520000,52145.10000000,0.2781
1749264911,0.27510000,583.40000000,0.2781
1749264911,0.27500000,17543.40000000,0.2781
1749264911,0.27490000,17257.50000000,0.2781
1749264911,0.27480000,152375.60000000,0.2781
1749264911,0.27470000,91299.40000000,0.2781
1749264911,0.27460000,1374.80000000,0.2781
1749264911,0.27450000,2284.80000000,0.2781
1749264911,0.27440000,7436.90000000,0.2781
1749264911,0.27430000,287.00000000,0.2781
1749264911,0.27420000,86894.00000000,0.2781
1749264911,0.27410000,431.60000000,0.2781
1749264911,0.27400000,23939.90000000,0.2781
1749264911,0.27390000,256.80000000,0.2781
1749264911,0.27380000,2949.40000000,0.2781
1749264911,0.27370000,95883.90000000,0.2781
1749264911,0.27360000,114313.20000000,0.2781
1749264911,0.27350000,2632.70000000,0.2781
1749264911,0.27340000,2015.60000000,0.2781
1749264911,0.27330000,1030.20000000,0.2781
1749264911,0.27320000,3287.20000000,0.2781
1749264911,0.27310000,1332.80000000,0.2781
1749264911,0.27300000,35331.50000000,0.2781
1749264911,0.27290000,863.40000000,0.2781
1749264911,0.27280000,1371.00000000,0.2781
1749264911,0.27270000,74521.50000000,0.2781
1749264911,0.27260000,623.60000000,0.2781
1749264911,0.27250000,842.00000000,0.2781
1749264911,0.27240000,1915.00000000,0.2781
1749264911,0.27230000,2187.90000000,0.2781
1749264911,0.27220000,1803.40000000,0.2781
1749264911,0.27210000,32231.40000000,0.2781
1749264911,0.27200000,7926.20000000,0.2781
1749264911,0.27190000,2173.30000000,0.2781
1749264911,0.27180000,1494.50000000,0.2781
1749264911,0.27170000,2002.30000000,0.2781
1749264911,0.27160000,14096.80000000,0.2781
1749264911,0.27150000,3208.10000000,0.2781
1749264911,0.27140000,4992.10000000,0.2781
1749264911,0.27130000,4551.00000000,0.2781
1749264911,0.27120000,3425.30000000,0.2781
1749264911,0.27110000,217.20000000,0.2781
1749264911,0.27100000,30185.80000000,0.2781
1749264911,0.27090000,28410.20000000,0.2781
1749264911,0.27080000,8648.10000000,0.2781
1749264911,0.27070000,16269.70000000,0.2781
1749264911,0.27060000,60115.40000000,0.2781
1749264911,0.27050000,8136.70000000,0.2781
1749264911,0.27040000,986.00000000,0.2781
1749264911,0.27030000,11978.50000000,0.2781
1749264911,0.27020000,227.40000000,0.2781
1749264911,0.27010000,6447.80000000,0.2781
1749264911,0.27000000,138812.40000000,0.2781
1749264911,0.26990000,815.80000000,0.2781
1749264911,0.26980000,1379.60000000,0.2781
1749264911,0.26970000,3305.60000000,0.2781
1749264911,0.26960000,1768.50000000,0.2781
1749264911,0.26950000,869.10000000,0.2781
1749264911,0.26940000,4175.00000000,0.2781
1749264911,0.26930000,3827.00000000,0.2781
1749264911,0.26920000,2403.40000000,0.2781
1749264911,0.26910000,9616.30000000,0.2781
1749264911,0.26900000,18402.80000000,0.2781
1749264911,0.26890000,702.50000000,0.2781
1749264911,0.26880000,2502.00000000,0.2781
1749264911,0.26870000,727.70000000,0.2781
1749264911,0.26860000,41729.30000000,0.2781
1749264911,0.26850000,237.60000000,0.2781
1749264911,0.26840000,9231.60000000,0.2781
1749264911,0.26830000,711.40000000,0.2781
1749264911,0.26820000,28731.20000000,0.2781
1749264911,0.26810000,1449.50000000,0.2781
1749265218,0.27810000,179491.90000000,0.2782
1749265218,0.27800000,397069.30000000,0.2782
1749265218,0.27790000,878370.10000000,0.2782
1749265218,0.27780000,955820.70000000,0.2782
1749265218,0.27770000,711525.80000000,0.2782
1749265218,0.27760000,652338.60000000,0.2782
1749265218,0.27750000,639789.10000000,0.2782
1749265218,0.27740000,550065.60000000,0.2782
1749265218,0.27730000,596225.60000000,0.2782
1749265218,0.27720000,534488.30000000,0.2782
1749265218,0.27710000,471634.20000000,0.2782
1749265218,0.27700000,980919.50000000,0.2782
1749265218,0.27690000,481136.10000000,0.2782
1749265218,0.27680000,365616.90000000,0.2782
1749265218,0.27670000,294462.10000000,0.2782
1749265218,0.27660000,353175.90000000,0.2782
1749265218,0.27650000,18125.10000000,0.2782
1749265218,0.27640000,32398.10000000,0.2782
1749265218,0.27630000,138269.20000000,0.2782
1749265218,0.27620000,463209.40000000,0.2782
1749265218,0.27610000,270961.30000000,0.2782
1749265218,0.27600000,19213.60000000,0.2782
1749265218,0.27590000,19570.90000000,0.2782
1749265218,0.27580000,736.60000000,0.2782
1749265218,0.27570000,713.90000000,0.2782
1749265218,0.27560000,116465.80000000,0.2782
1749265218,0.27550000,1673.90000000,0.2782
1749265218,0.27540000,871.70000000,0.2782
1749265218,0.27530000,53773.20000000,0.2782
1749265218,0.27520000,1344.00000000,0.2782
1749265218,0.27510000,583.40000000,0.2782
1749265218,0.27500000,17543.40000000,0.2782
1749265218,0.27490000,17257.50000000,0.2782
1749265218,0.27480000,152375.60000000,0.2782
1749265218,0.27470000,91299.40000000,0.2782
1749265218,0.27460000,1374.80000000,0.2782
1749265218,0.27450000,2284.80000000,0.2782
1749265218,0.27440000,7436.90000000,0.2782
1749265218,0.27430000,287.00000000,0.2782
1749265218,0.27420000,86894.00000000,0.2782
1749265218,0.27410000,431.60000000,0.2782
1749265218,0.27400000,23939.90000000,0.2782
1749265218,0.27390000,256.80000000,0.2782
1749265218,0.27380000,2949.40000000,0.2782
1749265218,0.27370000,95883.90000000,0.2782
1749265218,0.27360000,114313.20000000,0.2782
1749265218,0.27350000,2632.70000000,0.2782
1749265218,0.27340000,2015.60000000,0.2782
1749265218,0.27330000,1030.20000000,0.2782
1749265218,0.27320000,3287.20000000,0.2782
1749265218,0.27310000,1332.80000000,0.2782
1749265218,0.27300000,35331.50000000,0.2782
1749265218,0.27290000,863.40000000,0.2782
1749265218,0.27280000,1371.00000000,0.2782
1749265218,0.27270000,74521.50000000,0.2782
1749265218,0.27260000,623.60000000,0.2782
1749265218,0.27250000,6498.10000000,0.2782
1749265218,0.27240000,1915.00000000,0.2782
1749265218,0.27230000,2187.90000000,0.2782
1749265218,0.27220000,1803.40000000,0.2782
1749265218,0.27210000,32231.40000000,0.2782
1749265218,0.27200000,7926.20000000,0.2782
1749265218,0.27190000,2173.30000000,0.2782
1749265218,0.27180000,1494.50000000,0.2782
1749265218,0.27170000,2002.30000000,0.2782
1749265218,0.27160000,14096.80000000,0.2782
1749265218,0.27150000,3208.10000000,0.2782
1749265218,0.27140000,4992.10000000,0.2782
1749265218,0.27130000,4551.00000000,0.2782
1749265218,0.27120000,3425.30000000,0.2782
1749265218,0.27110000,217.20000000,0.2782
1749265218,0.27100000,30185.80000000,0.2782
1749265218,0.27090000,28410.20000000,0.2782
1749265218,0.27080000,8648.10000000,0.2782
1749265218,0.27070000,16269.70000000,0.2782
1749265218,0.27060000,60115.40000000,0.2782
1749265218,0.27050000,8136.70000000,0.2782
1749265218,0.27040000,986.00000000,0.2782
1749265218,0.27030000,11978.50000000,0.2782
1749265218,0.27020000,227.40000000,0.2782
1749265218,0.27010000,6447.80000000,0.2782
1749265218,0.27000000,138812.40000000,0.2782
1749265218,0.26990000,815.80000000,0.2782
1749265218,0.26980000,1379.60000000,0.2782
1749265218,0.26970000,3305.60000000,0.2782
1749265218,0.26960000,1768.50000000,0.2782
1749265218,0.26950000,869.10000000,0.2782
1749265218,0.26940000,4175.00000000,0.2782
1749265218,0.26930000,3827.00000000,0.2782
1749265218,0.26920000,2403.40000000,0.2782
1749265218,0.26910000,9616.30000000,0.2782
1749265218,0.26900000,18402.80000000,0.2782
1749265218,0.26890000,702.50000000,0.2782
1749265218,0.26880000,2502.00000000,0.2782
1749265218,0.26870000,727.70000000,0.2782
1749265218,0.26860000,41729.30000000,0.2782
1749265218,0.26850000,237.60000000,0.2782
1749265218,0.26840000,9994.60000000,0.2782
1749265218,0.26830000,711.40000000,0.2782
1749265218,0.26820000,27967.70000000,0.2782
1749265520,0.27800000,204340.90000000,0.2781
1749265520,0.27790000,593025.70000000,0.2781
1749265520,0.27780000,830199.50000000,0.2781
1749265520,0.27770000,785270.30000000,0.2781
1749265520,0.27760000,748089.40000000,0.2781
1749265520,0.27750000,664192.00000000,0.2781
1749265520,0.27740000,740856.40000000,0.2781
1749265520,0.27730000,561197.20000000,0.2781
1749265520,0.27720000,493992.50000000,0.2781
1749265520,0.27710000,499076.60000000,0.2781
1749265520,0.27700000,980881.50000000,0.2781
1749265520,0.27690000,340278.50000000,0.2781
1749265520,0.27680000,516576.60000000,0.2781
1749265520,0.27670000,254206.40000000,0.2781
1749265520,0.27660000,357307.20000000,0.2781
1749265520,0.27650000,101932.30000000,0.2781
1749265520,0.27640000,32398.10000000,0.2781
1749265520,0.27630000,138269.20000000,0.2781
1749265520,0.27620000,463209.40000000,0.2781
1749265520,0.27610000,211850.00000000,0.2781
1749265520,0.27600000,19213.60000000,0.2781
1749265520,0.27590000,19570.90000000,0.2781
1749265520,0.27580000,736.60000000,0.2781
1749265520,0.27570000,713.90000000,0.2781
1749265520,0.27560000,8185.80000000,0.2781
1749265520,0.27550000,107438.20000000,0.2781
1749265520,0.27540000,871.70000000,0.2781
1749265520,0.27530000,2994.50000000,0.2781
1749265520,0.27520000,52125.50000000,0.2781
1749265520,0.27510000,583.40000000,0.2781
1749265520,0.27500000,17543.40000000,0.2781
1749265520,0.27490000,17257.50000000,0.2781
1749265520,0.27480000,152375.60000000,0.2781
1749265520,0.27470000,91299.40000000,0.2781
1749265520,0.27460000,1374.80000000,0.2781
1749265520,0.27450000,2284.80000000,0.2781
1749265520,0.27440000,7436.90000000,0.2781
1749265520,0.27430000,287.00000000,0.2781
1749265520,0.27420000,86894.00000000,0.2781
1749265520,0.27410000,431.60000000,0.2781
1749265520,0.27400000,23939.90000000,0.2781
1749265520,0.27390000,256.80000000,0.2781
1749265520,0.27380000,2949.40000000,0.2781
1749265520,0.27370000,95883.90000000,0.2781
1749265520,0.27360000,114313.20000000,0.2781
1749265520,0.27350000,2632.70000000,0.2781
1749265520,0.27340000,2015.60000000,0.2781
1749265520,0.27330000,1030.20000000,0.2781
1749265520,0.27320000,3287.20000000,0.2781
1749265520,0.27310000,1332.80000000,0.2781
1749265520,0.27300000,35331.50000000,0.2781
1749265520,0.27290000,863.40000000,0.2781
1749265520,0.27280000,1371.00000000,0.2781
1749265520,0.27270000,74521.50000000,0.2781
1749265520,0.27260000,623.60000000,0.2781
1749265520,0.27250000,842.00000000,0.2781
1749265520,0.27240000,1915.00000000,0.2781
1749265520,0.27230000,2187.90000000,0.2781
1749265520,0.27220000,1803.40000000,0.2781
1749265520,0.27210000,32231.40000000,0.2781
1749265520,0.27200000,7926.20000000,0.2781
1749265520,0.27190000,2173.30000000,0.2781
1749265520,0.27180000,1494.50000000,0.2781
1749265520,0.27170000,2002.30000000,0.2781
1749265520,0.27160000,14096.80000000,0.2781
1749265520,0.27150000,3208.10000000,0.2781
1749265520,0.27140000,4992.10000000,0.2781
1749265520,0.27130000,4551.00000000,0.2781
1749265520,0.27120000,3425.30000000,0.2781
1749265520,0.27110000,217.20000000,0.2781
1749265520,0.27100000,30185.80000000,0.2781
1749265520,0.27090000,28410.20000000,0.2781
1749265520,0.27080000,8648.10000000,0.2781
1749265520,0.27070000,16269.70000000,0.2781
1749265520,0.27060000,60115.40000000,0.2781
1749265520,0.27050000,8136.70000000,0.2781
1749265520,0.27040000,986.00000000,0.2781
1749265520,0.27030000,11978.50000000,0.2781
1749265520,0.27020000,227.40000000,0.2781
1749265520,0.27010000,6447.80000000,0.2781
1749265520,0.27000000,138599.80000000,0.2781
1749265520,0.26990000,815.80000000,0.2781
1749265520,0.26980000,1379.60000000,0.2781
1749265520,0.26970000,3305.60000000,0.2781
1749265520,0.26960000,1768.50000000,0.2781
1749265520,0.26950000,869.10000000,0.2781
1749265520,0.26940000,2315.50000000,0.2781
1749265520,0.26930000,3827.00000000,0.2781
1749265520,0.26920000,2403.40000000,0.2781
1749265520,0.26910000,9616.30000000,0.2781
1749265520,0.26900000,18402.80000000,0.2781
1749265520,0.26890000,702.50000000,0.2781
1749265520,0.26880000,2502.00000000,0.2781
1749265520,0.26870000,727.70000000,0.2781
1749265520,0.26860000,41729.30000000,0.2781
1749265520,0.26850000,237.60000000,0.2781
1749265520,0.26840000,9994.60000000,0.2781
1749265520,0.26830000,711.40000000,0.2781
1749265520,0.26820000,27967.70000000,0.2781
1749265520,0.26810000,1449.50000000,0.2781
1749265822,0.27810000,146127.50000000,0.2782
1749265822,0.27800000,533989.80000000,0.2782
1749265822,0.27790000,1080378.10000000,0.2782
1749265822,0.27780000,706322.40000000,0.2782
1749265822,0.27770000,730807.10000000,0.2782
1749265822,0.27760000,743772.50000000,0.2782
1749265822,0.27750000,638679.50000000,0.2782
1749265822,0.27740000,641125.90000000,0.2782
1749265822,0.27730000,503390.60000000,0.2782
1749265822,0.27720000,469199.40000000,0.2782
1749265822,0.27710000,495914.40000000,0.2782
1749265822,0.27700000,980881.50000000,0.2782
1749265822,0.27690000,445122.90000000,0.2782
1749265822,0.27680000,413496.20000000,0.2782
1749265822,0.27670000,294445.00000000,0.2782
1749265822,0.27660000,317056.20000000,0.2782
1749265822,0.27650000,18125.10000000,0.2782
1749265822,0.27640000,18448.10000000,0.2782
1749265822,0.27630000,124319.20000000,0.2782
1749265822,0.27620000,463209.40000000,0.2782
1749265822,0.27610000,259438.80000000,0.2782
1749265822,0.27600000,19213.60000000,0.2782
1749265822,0.27590000,17761.90000000,0.2782
1749265822,0.27580000,736.60000000,0.2782
1749265822,0.27570000,713.90000000,0.2782
1749265822,0.27560000,114131.90000000,0.2782
1749265822,0.27550000,1673.90000000,0.2782
1749265822,0.27540000,871.70000000,0.2782
1749265822,0.27530000,53758.40000000,0.2782
1749265822,0.27520000,1344.00000000,0.2782
1749265822,0.27510000,583.40000000,0.2782
1749265822,0.27500000,33878.40000000,0.2782
1749265822,0.27490000,916.60000000,0.2782
1749265822,0.27480000,152375.60000000,0.2782
1749265822,0.27470000,91299.40000000,0.2782
1749265822,0.27460000,1374.80000000,0.2782
1749265822,0.27450000,2284.80000000,0.2782
1749265822,0.27440000,7436.90000000,0.2782
1749265822,0.27430000,287.00000000,0.2782
1749265822,0.27420000,86894.00000000,0.2782
1749265822,0.27410000,431.60000000,0.2782
1749265822,0.27400000,23939.90000000,0.2782
1749265822,0.27390000,256.80000000,0.2782
1749265822,0.27380000,1862.80000000,0.2782
1749265822,0.27370000,95883.90000000,0.2782
1749265822,0.27360000,114313.20000000,0.2782
1749265822,0.27350000,2632.70000000,0.2782
1749265822,0.27340000,2015.60000000,0.2782
1749265822,0.27330000,1030.20000000,0.2782
1749265822,0.27320000,3287.20000000,0.2782
1749265822,0.27310000,1332.80000000,0.2782
1749265822,0.27300000,35331.50000000,0.2782
1749265822,0.27290000,863.40000000,0.2782
1749265822,0.27280000,1371.00000000,0.2782
1749265822,0.27270000,67004.60000000,0.2782
1749265822,0.27260000,623.60000000,0.2782
1749265822,0.27250000,842.00000000,0.2782
1749265822,0.27240000,1915.00000000,0.2782
1749265822,0.27230000,2187.90000000,0.2782
1749265822,0.27220000,1803.40000000,0.2782
1749265822,0.27210000,32231.40000000,0.2782
1749265822,0.27200000,7926.20000000,0.2782
1749265822,0.27190000,2173.30000000,0.2782
1749265822,0.27180000,1494.50000000,0.2782
1749265822,0.27170000,2002.30000000,0.2782
1749265822,0.27160000,14096.80000000,0.2782
1749265822,0.27150000,3208.10000000,0.2782
1749265822,0.27140000,6078.70000000,0.2782
1749265822,0.27130000,4551.00000000,0.2782
1749265822,0.27120000,3425.30000000,0.2782
1749265822,0.27110000,217.20000000,0.2782
1749265822,0.27100000,30185.80000000,0.2782
1749265822,0.27090000,28410.20000000,0.2782
1749265822,0.27080000,8648.10000000,0.2782
1749265822,0.27070000,16269.70000000,0.2782
1749265822,0.27060000,60115.40000000,0.2782
1749265822,0.27050000,8136.70000000,0.2782
1749265822,0.27040000,986.00000000,0.2782
1749265822,0.27030000,11978.50000000,0.2782
1749265822,0.27020000,227.40000000,0.2782
1749265822,0.27010000,6447.80000000,0.2782
1749265822,0.27000000,138599.80000000,0.2782
1749265822,0.26990000,9333.60000000,0.2782
1749265822,0.26980000,1379.60000000,0.2782
1749265822,0.26970000,3305.60000000,0.2782
1749265822,0.26960000,1768.50000000,0.2782
1749265822,0.26950000,869.10000000,0.2782
1749265822,0.26940000,2315.50000000,0.2782
1749265822,0.26930000,3827.00000000,0.2782
1749265822,0.26920000,2403.40000000,0.2782
1749265822,0.26910000,9616.30000000,0.2782
1749265822,0.26900000,18402.80000000,0.2782
1749265822,0.26890000,702.50000000,0.2782
1749265822,0.26880000,2502.00000000,0.2782
1749265822,0.26870000,727.70000000,0.2782
1749265822,0.26860000,41729.30000000,0.2782
1749265822,0.26850000,237.60000000,0.2782
1749265822,0.26840000,9994.60000000,0.2782
1749265822,0.26830000,711.40000000,0.2782
1749265822,0.26820000,27967.70000000,0.2782
1749266123,0.27810000,109111.30000000,0.2781
1749266123,0.27800000,710490.20000000,0.2781
1749266123,0.27790000,1260678.90000000,0.2781
1749266123,0.27780000,707280.30000000,0.2781
1749266123,0.27770000,722140.50000000,0.2781
1749266123,0.27760000,696511.00000000,0.2781
1749266123,0.27750000,652952.70000000,0.2781
1749266123,0.27740000,633340.40000000,0.2781
1749266123,0.27730000,502318.60000000,0.2781
1749266123,0.27720000,505071.80000000,0.2781
1749266123,0.27710000,429841.20000000,0.2781
1749266123,0.27700000,910877.40000000,0.2781
1749266123,0.27690000,483021.70000000,0.2781
1749266123,0.27680000,378121.60000000,0.2781
1749266123,0.27670000,294454.70000000,0.2781
1749266123,0.27660000,353177.00000000,0.2781
1749266123,0.27650000,64767.00000000,0.2781
1749266123,0.27640000,18448.10000000,0.2781
1749266123,0.27630000,124319.20000000,0.2781
1749266123,0.27620000,463209.40000000,0.2781
1749266123,0.27610000,211850.00000000,0.2781
1749266123,0.27600000,19213.60000000,0.2781
1749266123,0.27590000,17761.90000000,0.2781
1749266123,0.27580000,736.60000000,0.2781
1749266123,0.27570000,713.90000000,0.2781
1749266123,0.27560000,114959.00000000,0.2781
1749266123,0.27550000,2004.50000000,0.2781
1749266123,0.27540000,4677.60000000,0.2781
1749266123,0.27530000,2739.00000000,0.2781
1749266123,0.27520000,51636.80000000,0.2781
1749266123,0.27510000,16912.40000000,0.2781
1749266123,0.27500000,17543.40000000,0.2781
1749266123,0.27490000,916.60000000,0.2781
1749266123,0.27480000,152375.60000000,0.2781
1749266123,0.27470000,91299.40000000,0.2781
1749266123,0.27460000,1374.80000000,0.2781
1749266123,0.27450000,2284.80000000,0.2781
1749266123,0.27440000,7436.90000000,0.2781
1749266123,0.27430000,85556.70000000,0.2781
1749266123,0.27420000,86894.00000000,0.2781
1749266123,0.27410000,431.60000000,0.2781
1749266123,0.27400000,23939.90000000,0.2781
1749266123,0.27390000,256.80000000,0.2781
1749266123,0.27380000,1862.80000000,0.2781
1749266123,0.27370000,10427.30000000,0.2781
1749266123,0.27360000,114313.20000000,0.2781
1749266123,0.27350000,2632.70000000,0.2781
1749266123,0.27340000,2015.60000000,0.2781
1749266123,0.27330000,1030.20000000,0.2781
1749266123,0.27320000,3287.20000000,0.2781
1749266123,0.27310000,1332.80000000,0.2781
1749266123,0.27300000,35331.50000000,0.2781
1749266123,0.27290000,863.40000000,0.2781
1749266123,0.27280000,1371.00000000,0.2781
1749266123,0.27270000,61352.70000000,0.2781
1749266123,0.27260000,623.60000000,0.2781
1749266123,0.27250000,842.00000000,0.2781
1749266123,0.27240000,1915.00000000,0.2781
1749266123,0.27230000,2187.90000000,0.2781
1749266123,0.27220000,1803.40000000,0.2781
1749266123,0.27210000,32231.40000000,0.2781
1749266123,0.27200000,7926.20000000,0.2781
1749266123,0.27190000,2173.30000000,0.2781
1749266123,0.27180000,1494.50000000,0.2781
1749266123,0.27170000,2002.30000000,0.2781
1749266123,0.27160000,14096.80000000,0.2781
1749266123,0.27150000,3208.10000000,0.2781
1749266123,0.27140000,6078.70000000,0.2781
1749266123,0.27130000,4551.00000000,0.2781
1749266123,0.27120000,3425.30000000,0.2781
1749266123,0.27110000,217.20000000,0.2781
1749266123,0.27100000,30185.80000000,0.2781
1749266123,0.27090000,28410.20000000,0.2781
1749266123,0.27080000,8648.10000000,0.2781
1749266123,0.27070000,16269.70000000,0.2781
1749266123,0.27060000,60115.40000000,0.2781
1749266123,0.27050000,8136.70000000,0.2781
1749266123,0.27040000,986.00000000,0.2781
1749266123,0.27030000,11978.50000000,0.2781
1749266123,0.27020000,227.40000000,0.2781
1749266123,0.27010000,6447.80000000,0.2781
1749266123,0.27000000,138599.80000000,0.2781
1749266123,0.26990000,815.80000000,0.2781
1749266123,0.26980000,1379.60000000,0.2781
1749266123,0.26970000,3305.60000000,0.2781
1749266123,0.26960000,1768.50000000,0.2781
1749266123,0.26950000,869.10000000,0.2781
1749266123,0.26940000,2315.50000000,0.2781
1749266123,0.26930000,3827.00000000,0.2781
1749266123,0.26920000,2403.40000000,0.2781
1749266123,0.26910000,9616.30000000,0.2781
1749266123,0.26900000,18402.80000000,0.2781
1749266123,0.26890000,702.50000000,0.2781
1749266123,0.26880000,2502.00000000,0.2781
1749266123,0.26870000,727.70000000,0.2781
1749266123,0.26860000,42491.70000000,0.2781
1749266123,0.26850000,237.60000000,0.2781
1749266123,0.26840000,9231.60000000,0.2781
1749266123,0.26830000,711.40000000,0.2781
1749266123,0.26820000,27967.70000000,0.2781
1749266425,0.27790000,1092278.80000000,0.278
1749266425,0.27780000,701935.40000000,0.278
1749266425,0.27770000,792355.60000000,0.278
1749266425,0.27760000,741488.30000000,0.278
1749266425,0.27750000,762387.00000000,0.278
1749266425,0.27740000,687611.20000000,0.278
1749266425,0.27730000,668722.30000000,0.278
1749266425,0.27720000,504133.60000000,0.278
1749266425,0.27710000,519903.50000000,0.278
1749266425,0.27700000,946983.80000000,0.278
1749266425,0.27690000,340578.00000000,0.278
1749266425,0.27680000,366335.80000000,0.278
1749266425,0.27670000,394381.60000000,0.278
1749266425,0.27660000,328859.90000000,0.278
1749266425,0.27650000,58396.50000000,0.278
1749266425,0.27640000,68542.40000000,0.278
1749266425,0.27630000,124319.20000000,0.278
1749266425,0.27620000,463209.40000000,0.278
1749266425,0.27610000,259351.00000000,0.278
1749266425,0.27600000,19213.60000000,0.278
1749266425,0.27590000,17761.90000000,0.278
1749266425,0.27580000,736.60000000,0.278
1749266425,0.27570000,713.90000000,0.278
1749266425,0.27560000,8185.80000000,0.278
1749266425,0.27550000,2004.50000000,0.278
1749266425,0.27540000,107510.60000000,0.278
1749266425,0.27530000,2271.70000000,0.278
1749266425,0.27520000,1344.00000000,0.278
1749266425,0.27510000,1051.10000000,0.278
1749266425,0.27500000,68080.50000000,0.278
1749266425,0.27490000,916.60000000,0.278
1749266425,0.27480000,168722.50000000,0.278
1749266425,0.27470000,91299.40000000,0.278
1749266425,0.27460000,1374.80000000,0.278
1749266425,0.27450000,2284.80000000,0.278
1749266425,0.27440000,7436.90000000,0.278
1749266425,0.27430000,85556.70000000,0.278
1749266425,0.27420000,86894.00000000,0.278
1749266425,0.27410000,431.60000000,0.278
1749266425,0.27400000,23939.90000000,0.278
1749266425,0.27390000,256.80000000,0.278
1749266425,0.27380000,1862.80000000,0.278
1749266425,0.27370000,10427.30000000,0.278
1749266425,0.27360000,114313.20000000,0.278
1749266425,0.27350000,2632.70000000,0.278
1749266425,0.27340000,2015.60000000,0.278
1749266425,0.27330000,1030.20000000,0.278
1749266425,0.27320000,3287.20000000,0.278
1749266425,0.27310000,1332.80000000,0.278
1749266425,0.27300000,35331.50000000,0.278
1749266425,0.27290000,863.40000000,0.278
1749266425,0.27280000,1371.00000000,0.278
1749266425,0.27270000,61352.70000000,0.278
1749266425,0.27260000,623.60000000,0.278
1749266425,0.27250000,842.00000000,0.278
1749266425,0.27240000,1915.00000000,0.278
1749266425,0.27230000,2187.90000000,0.278
1749266425,0.27220000,1803.40000000,0.278
1749266425,0.27210000,32231.40000000,0.278
1749266425,0.27200000,7926.20000000,0.278
1749266425,0.27190000,2173.30000000,0.278
1749266425,0.27180000,1494.50000000,0.278
1749266425,0.27170000,2002.30000000,0.278
1749266425,0.27160000,14096.80000000,0.278
1749266425,0.27150000,3208.10000000,0.278
1749266425,0.27140000,6078.70000000,0.278
1749266425,0.27130000,4551.00000000,0.278
1749266425,0.27120000,3425.30000000,0.278
1749266425,0.27110000,217.20000000,0.278
1749266425,0.27100000,30185.80000000,0.278
1749266425,0.27090000,28410.20000000,0.278
1749266425,0.27080000,8648.10000000,0.278
1749266425,0.27070000,16269.70000000,0.278
1749266425,0.27060000,60115.40000000,0.278
1749266425,0.27050000,8136.70000000,0.278
1749266425,0.27040000,986.00000000,0.278
1749266425,0.27030000,11978.50000000,0.278
1749266425,0.27020000,227.40000000,0.278
1749266425,0.27010000,6447.80000000,0.278
1749266425,0.27000000,138599.80000000,0.278
1749266425,0.26990000,815.80000000,0.278
1749266425,0.26980000,4082.40000000,0.278
1749266425,0.26970000,3305.60000000,0.278
1749266425,0.26960000,1768.50000000,0.278
1749266425,0.26950000,869.10000000,0.278
1749266425,0.26940000,2315.50000000,0.278
1749266425,0.26930000,3827.00000000,0.278
1749266425,0.26920000,2403.40000000,0.278
1749266425,0.26910000,9616.30000000,0.278
1749266425,0.26900000,18402.80000000,0.278
1749266425,0.26890000,702.50000000,0.278
1749266425,0.26880000,2502.00000000,0.278
1749266425,0.26870000,727.70000000,0.278
1749266425,0.26860000,41729.30000000,0.278
1749266425,0.26850000,237.60000000,0.278
1749266425,0.26840000,6528.80000000,0.278
1749266425,0.26830000,711.40000000,0.278
1749266425,0.26820000,28731.20000000,0.278
1749266425,0.26810000,1449.50000000,0.278
1749266425,0.26800000,64880.80000000,0.278
1749266726,0.27810000,92399.20000000,0.2782
1749266726,0.27800000,610439.90000000,0.2782
1749266726,0.27790000,1215090.00000000,0.2782
1749266726,0.27780000,805528.90000000,0.2782
1749266726,0.27770000,681922.40000000,0.2782
1749266726,0.27760000,787191.20000000,0.2782
1749266726,0.27750000,651508.00000000,0.2782
1749266726,0.27740000,580889.50000000,0.2782
1749266726,0.27730000,542091.20000000,0.2782
1749266726,0.27720000,498361.10000000,0.2782
1749266726,0.27710000,614356.10000000,0.2782
1749266726,0.27700000,862472.30000000,0.2782
1749266726,0.27690000,448364.10000000,0.2782
1749266726,0.27680000,414213.50000000,0.2782
1749266726,0.27670000,254206.40000000,0.2782
1749266726,0.27660000,357303.80000000,0.2782
1749266726,0.27650000,54253.10000000,0.2782
1749266726,0.27640000,18448.10000000,0.2782
1749266726,0.27630000,124319.20000000,0.2782
1749266726,0.27620000,463209.40000000,0.2782
1749266726,0.27610000,259351.00000000,0.2782
1749266726,0.27600000,19213.60000000,0.2782
1749266726,0.27590000,17761.90000000,0.2782
1749266726,0.27580000,736.60000000,0.2782
1749266726,0.27570000,713.90000000,0.2782
1749266726,0.27560000,114506.20000000,0.2782
1749266726,0.27550000,2004.50000000,0.2782
1749266726,0.27540000,871.70000000,0.2782
1749266726,0.27530000,2271.70000000,0.2782
1749266726,0.27520000,1344.00000000,0.2782
1749266726,0.27510000,50890.50000000,0.2782
1749266726,0.27500000,34088.40000000,0.2782
1749266726,0.27490000,916.60000000,0.2782
1749266726,0.27480000,152375.60000000,0.2782
1749266726,0.27470000,91299.40000000,0.2782
1749266726,0.27460000,1374.80000000,0.2782
1749266726,0.27450000,2284.80000000,0.2782
1749266726,0.27440000,7436.90000000,0.2782
1749266726,0.27430000,85556.70000000,0.2782
1749266726,0.27420000,86894.00000000,0.2782
1749266726,0.27410000,431.60000000,0.2782
1749266726,0.27400000,23939.90000000,0.2782
1749266726,0.27390000,256.80000000,0.2782
1749266726,0.27380000,1862.80000000,0.2782
1749266726,0.27370000,10427.30000000,0.2782
1749266726,0.27360000,114313.20000000,0.2782
1749266726,0.27350000,2632.70000000,0.2782
1749266726,0.27340000,2015.60000000,0.2782
1749266726,0.27330000,1030.20000000,0.2782
1749266726,0.27320000,3287.20000000,0.2782
1749266726,0.27310000,1332.80000000,0.2782
1749266726,0.27300000,35331.50000000,0.2782
1749266726,0.27290000,863.40000000,0.2782
1749266726,0.27280000,1371.00000000,0.2782
1749266726,0.27270000,61352.70000000,0.2782
1749266726,0.27260000,623.60000000,0.2782
1749266726,0.27250000,842.00000000,0.2782
1749266726,0.27240000,1915.00000000,0.2782
1749266726,0.27230000,2187.90000000,0.2782
1749266726,0.27220000,1803.40000000,0.2782
1749266726,0.27210000,32231.40000000,0.2782
1749266726,0.27200000,7926.20000000,0.2782
1749266726,0.27190000,2173.30000000,0.2782
1749266726,0.27180000,1494.50000000,0.2782
1749266726,0.27170000,2002.30000000,0.2782
1749266726,0.27160000,14096.80000000,0.2782
1749266726,0.27150000,3208.10000000,0.2782
1749266726,0.27140000,6078.70000000,0.2782
1749266726,0.27130000,4551.00000000,0.2782
1749266726,0.27120000,3425.30000000,0.2782
1749266726,0.27110000,217.20000000,0.2782
1749266726,0.27100000,30185.80000000,0.2782
1749266726,0.27090000,28410.20000000,0.2782
1749266726,0.27080000,8648.10000000,0.2782
1749266726,0.27070000,16269.70000000,0.2782
1749266726,0.27060000,60115.40000000,0.2782
1749266726,0.27050000,8136.70000000,0.2782
1749266726,0.27040000,986.00000000,0.2782
1749266726,0.27030000,11978.50000000,0.2782
1749266726,0.27020000,227.40000000,0.2782
1749266726,0.27010000,6447.80000000,0.2782
1749266726,0.27000000,138599.80000000,0.2782
1749266726,0.26990000,815.80000000,0.2782
1749266726,0.26980000,4082.40000000,0.2782
1749266726,0.26970000,3305.60000000,0.2782
1749266726,0.26960000,1768.50000000,0.2782
1749266726,0.26950000,869.10000000,0.2782
1749266726,0.26940000,2315.50000000,0.2782
1749266726,0.26930000,3827.00000000,0.2782
1749266726,0.26920000,2403.40000000,0.2782
1749266726,0.26910000,9616.30000000,0.2782
1749266726,0.26900000,18402.80000000,0.2782
1749266726,0.26890000,702.50000000,0.2782
1749266726,0.26880000,2502.00000000,0.2782
1749266726,0.26870000,727.70000000,0.2782
1749266726,0.26860000,41729.30000000,0.2782
1749266726,0.26850000,237.60000000,0.2782
1749266726,0.26840000,6528.80000000,0.2782
1749266726,0.26830000,711.40000000,0.2782
1749266726,0.26820000,28731.20000000,0.2782
1749267028,0.27790000,1016131.10000000,0.2779
1749267028,0.27780000,755364.20000000,0.2779
1749267028,0.27770000,700878.90000000,0.2779
1749267028,0.27760000,753191.90000000,0.2779
1749267028,0.27750000,748937.10000000,0.2779
1749267028,0.27740000,718795.60000000,0.2779
1749267028,0.27730000,731527.70000000,0.2779
1749267028,0.27720000,504608.90000000,0.2779
1749267028,0.27710000,609729.30000000,0.2779
1749267028,0.27700000,898533.70000000,0.2779
1749267028,0.27690000,352364.20000000,0.2779
1749267028,0.27680000,366335.80000000,0.2779
1749267028,0.27670000,398481.30000000,0.2779
1749267028,0.27660000,317056.20000000,0.2779
1749267028,0.27650000,94533.90000000,0.2779
1749267028,0.27640000,32398.10000000,0.2779
1749267028,0.27630000,124319.20000000,0.2779
1749267028,0.27620000,463209.40000000,0.2779
1749267028,0.27610000,259351.00000000,0.2779
1749267028,0.27600000,19213.60000000,0.2779
1749267028,0.27590000,17761.90000000,0.2779
1749267028,0.27580000,736.60000000,0.2779
1749267028,0.27570000,713.90000000,0.2779
1749267028,0.27560000,8185.80000000,0.2779
1749267028,0.27550000,2004.50000000,0.2779
1749267028,0.27540000,107026.00000000,0.2779
1749267028,0.27530000,2271.70000000,0.2779
1749267028,0.27520000,1344.00000000,0.2779
1749267028,0.27510000,1051.10000000,0.2779
1749267028,0.27500000,68086.20000000,0.2779
1749267028,0.27490000,17257.50000000,0.2779
1749267028,0.27480000,152375.60000000,0.2779
1749267028,0.27470000,91299.40000000,0.2779
1749267028,0.27460000,1374.80000000,0.2779
1749267028,0.27450000,2284.80000000,0.2779
1749267028,0.27440000,7436.90000000,0.2779
1749267028,0.27430000,85556.70000000,0.2779
1749267028,0.27420000,86894.00000000,0.2779
1749267028,0.27410000,431.60000000,0.2779
1749267028,0.27400000,23939.90000000,0.2779
1749267028,0.27390000,256.80000000,0.2779
1749267028,0.27380000,1862.80000000,0.2779
1749267028,0.27370000,10427.30000000,0.2779
1749267028,0.27360000,114313.20000000,0.2779
1749267028,0.27350000,2632.70000000,0.2779
1749267028,0.27340000,2015.60000000,0.2779
1749267028,0.27330000,1030.20000000,0.2779
1749267028,0.27320000,3287.20000000,0.2779
1749267028,0.27310000,1332.80000000,0.2779
1749267028,0.27300000,35331.50000000,0.2779
1749267028,0.27290000,863.40000000,0.2779
1749267028,0.27280000,1371.00000000,0.2779
1749267028,0.27270000,61352.70000000,0.2779
1749267028,0.27260000,623.60000000,0.2779
1749267028,0.27250000,842.00000000,0.2779
1749267028,0.27240000,1915.00000000,0.2779
1749267028,0.27230000,2187.90000000,0.2779
1749267028,0.27220000,1803.40000000,0.2779
1749267028,0.27210000,32231.40000000,0.2779
1749267028,0.27200000,7926.20000000,0.2779
1749267028,0.27190000,2173.30000000,0.2779
1749267028,0.27180000,1494.50000000,0.2779
1749267028,0.27170000,2002.30000000,0.2779
1749267028,0.27160000,14096.80000000,0.2779
1749267028,0.27150000,3208.10000000,0.2779
1749267028,0.27140000,6078.70000000,0.2779
1749267028,0.27130000,4551.00000000,0.2779
1749267028,0.27120000,3425.30000000,0.2779
1749267028,0.27110000,217.20000000,0.2779
1749267028,0.27100000,30185.80000000,0.2779
1749267028,0.27090000,28410.20000000,0.2779
1749267028,0.27080000,8648.10000000,0.2779
1749267028,0.27070000,16269.70000000,0.2779
1749267028,0.27060000,60115.40000000,0.2779
1749267028,0.27050000,8136.70000000,0.2779
1749267028,0.27040000,986.00000000,0.2779
1749267028,0.27030000,11978.50000000,0.2779
1749267028,0.27020000,227.40000000,0.2779
1749267028,0.27010000,6447.80000000,0.2779
1749267028,0.27000000,138599.80000000,0.2779
1749267028,0.26990000,815.80000000,0.2779
1749267028,0.26980000,4082.40000000,0.2779
1749267028,0.26970000,3305.60000000,0.2779
1749267028,0.26960000,1768.50000000,0.2779
1749267028,0.26950000,869.10000000,0.2779
1749267028,0.26940000,2315.50000000,0.2779
1749267028,0.26930000,3827.00000000,0.2779
1749267028,0.26920000,2403.40000000,0.2779
1749267028,0.26910000,9616.30000000,0.2779
1749267028,0.26900000,18402.80000000,0.2779
1749267028,0.26890000,702.50000000,0.2779
1749267028,0.26880000,2502.00000000,0.2779
1749267028,0.26870000,727.70000000,0.2779
1749267028,0.26860000,41729.30000000,0.2779
1749267028,0.26850000,237.60000000,0.2779
1749267028,0.26840000,7291.80000000,0.2779
1749267028,0.26830000,711.40000000,0.2779
1749267028,0.26820000,27967.70000000,0.2779
1749267028,0.26810000,1449.50000000,0.2779
1749267028,0.26800000,64880.80000000,0.2779
1749267329,0.27790000,164133.40000000,0.278
1749267329,0.27780000,731378.40000000,0.278
1749267329,0.27770000,1029440.70000000,0.278
1749267329,0.27760000,769743.30000000,0.278
1749267329,0.27750000,738274.00000000,0.278
1749267329,0.27740000,765052.60000000,0.278
1749267329,0.27730000,636127.50000000,0.278
1749267329,0.27720000,542384.20000000,0.278
1749267329,0.27710000,618703.80000000,0.278
1749267329,0.27700000,987150.90000000,0.278
1749267329,0.27690000,410597.90000000,0.278
1749267329,0.27680000,366362.80000000,0.278
1749267329,0.27670000,398366.20000000,0.278
1749267329,0.27660000,328859.90000000,0.278
1749267329,0.27650000,58398.80000000,0.278
1749267329,0.27640000,54591.10000000,0.278
1749267329,0.27630000,124319.20000000,0.278
1749267329,0.27620000,463209.40000000,0.278
1749267329,0.27610000,259351.00000000,0.278
1749267329,0.27600000,19213.60000000,0.278
1749267329,0.27590000,17761.90000000,0.278
1749267329,0.27580000,736.60000000,0.278
1749267329,0.27570000,713.90000000,0.278
1749267329,0.27560000,8185.80000000,0.278
1749267329,0.27550000,1673.90000000,0.278
1749267329,0.27540000,108145.00000000,0.278
1749267329,0.27530000,5934.00000000,0.278
1749267329,0.27520000,1344.00000000,0.278
1749267329,0.27510000,1051.10000000,0.278
1749267329,0.27500000,68083.30000000,0.278
1749267329,0.27490000,916.60000000,0.278
1749267329,0.27480000,168722.50000000,0.278
1749267329,0.27470000,91299.40000000,0.278
1749267329,0.27460000,1374.80000000,0.278
1749267329,0.27450000,2284.80000000,0.278
1749267329,0.27440000,7436.90000000,0.278
1749267329,0.27430000,287.00000000,0.278
1749267329,0.27420000,86894.00000000,0.278
1749267329,0.27410000,431.60000000,0.278
1749267329,0.27400000,23939.90000000,0.278
1749267329,0.27390000,256.80000000,0.278
1749267329,0.27380000,1862.80000000,0.278
1749267329,0.27370000,95883.90000000,0.278
1749267329,0.27360000,114313.20000000,0.278
1749267329,0.27350000,2632.70000000,0.278
1749267329,0.27340000,2015.60000000,0.278
1749267329,0.27330000,1030.20000000,0.278
1749267329,0.27320000,3287.20000000,0.278
1749267329,0.27310000,1332.80000000,0.278
1749267329,0.27300000,35331.50000000,0.278
1749267329,0.27290000,863.40000000,0.278
1749267329,0.27280000,1371.00000000,0.278
