timestamp,price,volume,current_price
1749260811,0.79070000,345.00000000,0.7904
1749260811,0.79060000,212.00000000,0.7904
1749260811,0.79050000,282.00000000,0.7904
1749260811,0.79040000,32.00000000,0.7904
1749260811,0.79030000,759.00000000,0.7904
1749260811,0.79020000,946.00000000,0.7904
1749260811,0.79010000,279.00000000,0.7904
1749260811,0.79000000,286.00000000,0.7904
1749260811,0.78990000,279.00000000,0.7904
1749260811,0.78980000,1106.00000000,0.7904
1749260811,0.78970000,2183.00000000,0.7904
1749260811,0.78960000,719.00000000,0.7904
1749260811,0.78950000,1885.00000000,0.7904
1749260811,0.78940000,2571.00000000,0.7904
1749260811,0.78930000,5884.00000000,0.7904
1749260811,0.78920000,1188.00000000,0.7904
1749260811,0.78910000,914.00000000,0.7904
1749260811,0.78900000,352.00000000,0.7904
1749260811,0.78890000,373.00000000,0.7904
1749260811,0.78880000,339.00000000,0.7904
1749260811,0.78870000,247.00000000,0.7904
1749260811,0.78860000,2496.00000000,0.7904
1749260811,0.78850000,1005.00000000,0.7904
1749260811,0.78840000,247.00000000,0.7904
1749260811,0.78830000,1883.00000000,0.7904
1749260811,0.78820000,514.00000000,0.7904
1749260811,0.78810000,595.00000000,0.7904
1749260811,0.78790000,127.00000000,0.7904
1749260811,0.78770000,1527.00000000,0.7904
1749260811,0.78760000,127.00000000,0.7904
1749260811,0.78750000,127.00000000,0.7904
1749260811,0.78720000,493.00000000,0.7904
1749260811,0.78690000,134.00000000,0.7904
1749260811,0.78680000,655.00000000,0.7904
1749260811,0.78670000,13.00000000,0.7904
1749260811,0.78660000,127.00000000,0.7904
1749260811,0.78650000,259.00000000,0.7904
1749260811,0.78630000,549.00000000,0.7904
1749260811,0.78620000,998.00000000,0.7904
1749260811,0.78610000,127.00000000,0.7904
1749260811,0.78600000,7.00000000,0.7904
1749260811,0.78580000,127.00000000,0.7904
1749260811,0.78570000,20.00000000,0.7904
1749260811,0.78550000,127.00000000,0.7904
1749260811,0.78540000,127.00000000,0.7904
1749260811,0.78510000,13.00000000,0.7904
1749260811,0.78450000,894.00000000,0.7904
1749260811,0.78440000,7.00000000,0.7904
1749260811,0.78400000,822.00000000,0.7904
1749260811,0.78390000,2070.00000000,0.7904
1749260811,0.78370000,755.00000000,0.7904
1749260811,0.78360000,752.00000000,0.7904
1749260811,0.78350000,74.00000000,0.7904
1749260811,0.78330000,1377.00000000,0.7904
1749260811,0.78290000,15.00000000,0.7904
1749260811,0.78270000,688.00000000,0.7904
1749260811,0.78260000,669.00000000,0.7904
1749260811,0.78250000,26.00000000,0.7904
1749260811,0.78240000,1243.00000000,0.7904
1749260811,0.78230000,703.00000000,0.7904
1749260811,0.78210000,7.00000000,0.7904
1749260811,0.78190000,845.00000000,0.7904
1749260811,0.78130000,847.00000000,0.7904
1749260811,0.78120000,137.00000000,0.7904
1749260811,0.78110000,150.00000000,0.7904
1749260811,0.78090000,190.00000000,0.7904
1749260811,0.78080000,239.00000000,0.7904
1749260811,0.78070000,26.00000000,0.7904
1749260811,0.78030000,1085.00000000,0.7904
1749260811,0.78000000,1556.00000000,0.7904
1749260811,0.77980000,14.00000000,0.7904
1749260811,0.77970000,69.00000000,0.7904
1749260811,0.77940000,24.00000000,0.7904
1749260811,0.77930000,9.00000000,0.7904
1749260811,0.77920000,11.00000000,0.7904
1749260811,0.77900000,14720.00000000,0.7904
1749260811,0.77890000,556.00000000,0.7904
1749260811,0.77880000,7.00000000,0.7904
1749260811,0.77850000,8.00000000,0.7904
1749260811,0.77820000,151.00000000,0.7904
1749260811,0.77750000,13.00000000,0.7904
1749260811,0.77730000,7.00000000,0.7904
1749260811,0.77720000,10.00000000,0.7904
1749260811,0.77700000,402.00000000,0.7904
1749260811,0.77680000,7.00000000,0.7904
1749260811,0.77670000,73.00000000,0.7904
1749260811,0.77640000,240.00000000,0.7904
1749260811,0.77630000,248.00000000,0.7904
1749260811,0.77610000,77.00000000,0.7904
1749260811,0.77540000,8.00000000,0.7904
1749260811,0.77520000,158.00000000,0.7904
1749260811,0.77510000,1647.00000000,0.7904
1749260811,0.77500000,14.00000000,0.7904
1749260811,0.77450000,29.00000000,0.7904
1749260811,0.77440000,8.00000000,0.7904
1749260811,0.77430000,24.00000000,0.7904
1749260811,0.77400000,286.00000000,0.7904
1749260811,0.77380000,1290.00000000,0.7904
1749260811,0.77370000,12.00000000,0.7904
1749260811,0.77360000,14.00000000,0.7904
1749261126,0.79160000,32.00000000,0.7918
1749261126,0.79150000,228.00000000,0.7918
1749261126,0.79140000,117.00000000,0.7918
1749261126,0.79130000,282.00000000,0.7918
1749261126,0.79120000,32.00000000,0.7918
1749261126,0.79110000,361.00000000,0.7918
1749261126,0.79100000,1952.00000000,0.7918
1749261126,0.79090000,2527.00000000,0.7918
1749261126,0.79080000,326.00000000,0.7918
1749261126,0.79070000,1132.00000000,0.7918
1749261126,0.79060000,758.00000000,0.7918
1749261126,0.79050000,575.00000000,0.7918
1749261126,0.79040000,247.00000000,0.7918
1749261126,0.79030000,1159.00000000,0.7918
1749261126,0.79020000,2473.00000000,0.7918
1749261126,0.79010000,4822.00000000,0.7918
1749261126,0.79000000,1724.00000000,0.7918
1749261126,0.78990000,260.00000000,0.7918
1749261126,0.78960000,247.00000000,0.7918
1749261126,0.78950000,1561.00000000,0.7918
1749261126,0.78940000,2038.00000000,0.7918
1749261126,0.78930000,1748.00000000,0.7918
1749261126,0.78920000,1155.00000000,0.7918
1749261126,0.78910000,374.00000000,0.7918
1749261126,0.78900000,532.00000000,0.7918
1749261126,0.78890000,373.00000000,0.7918
1749261126,0.78880000,526.00000000,0.7918
1749261126,0.78870000,2056.00000000,0.7918
1749261126,0.78860000,1872.00000000,0.7918
1749261126,0.78840000,247.00000000,0.7918
1749261126,0.78830000,387.00000000,0.7918
1749261126,0.78800000,1270.00000000,0.7918
1749261126,0.78790000,127.00000000,0.7918
1749261126,0.78770000,1527.00000000,0.7918
1749261126,0.78760000,127.00000000,0.7918
1749261126,0.78750000,127.00000000,0.7918
1749261126,0.78730000,681.00000000,0.7918
1749261126,0.78720000,127.00000000,0.7918
1749261126,0.78690000,134.00000000,0.7918
1749261126,0.78670000,13.00000000,0.7918
1749261126,0.78660000,127.00000000,0.7918
1749261126,0.78650000,1070.00000000,0.7918
1749261126,0.78630000,127.00000000,0.7918
1749261126,0.78620000,998.00000000,0.7918
1749261126,0.78610000,670.00000000,0.7918
1749261126,0.78600000,7.00000000,0.7918
1749261126,0.78590000,1685.00000000,0.7918
1749261126,0.78580000,676.00000000,0.7918
1749261126,0.78570000,20.00000000,0.7918
1749261126,0.78560000,717.00000000,0.7918
1749261126,0.78530000,691.00000000,0.7918
1749261126,0.78470000,1061.00000000,0.7918
1749261126,0.78460000,667.00000000,0.7918
1749261126,0.78450000,894.00000000,0.7918
1749261126,0.78440000,7.00000000,0.7918
1749261126,0.78430000,702.00000000,0.7918
1749261126,0.78400000,150.00000000,0.7918
1749261126,0.78370000,77.00000000,0.7918
1749261126,0.78360000,33.00000000,0.7918
1749261126,0.78350000,74.00000000,0.7918
1749261126,0.78340000,238.00000000,0.7918
1749261126,0.78290000,15.00000000,0.7918
1749261126,0.78270000,7.00000000,0.7918
1749261126,0.78250000,26.00000000,0.7918
1749261126,0.78240000,1243.00000000,0.7918
1749261126,0.78210000,992.00000000,0.7918
1749261126,0.78190000,845.00000000,0.7918
1749261126,0.78140000,14675.00000000,0.7918
1749261126,0.78130000,847.00000000,0.7918
1749261126,0.78120000,137.00000000,0.7918
1749261126,0.78110000,150.00000000,0.7918
1749261126,0.78090000,668.00000000,0.7918
1749261126,0.78070000,26.00000000,0.7918
1749261126,0.78030000,164.00000000,0.7918
1749261126,0.78000000,1556.00000000,0.7918
1749261126,0.77980000,14.00000000,0.7918
1749261126,0.77970000,69.00000000,0.7918
1749261126,0.77940000,24.00000000,0.7918
1749261126,0.77930000,9.00000000,0.7918
1749261126,0.77920000,11.00000000,0.7918
1749261126,0.77880000,7.00000000,0.7918
1749261126,0.77850000,8.00000000,0.7918
1749261126,0.77820000,151.00000000,0.7918
1749261126,0.77800000,480.00000000,0.7918
1749261126,0.77750000,13.00000000,0.7918
1749261126,0.77730000,84.00000000,0.7918
1749261126,0.77720000,10.00000000,0.7918
1749261126,0.77700000,402.00000000,0.7918
1749261126,0.77680000,7.00000000,0.7918
1749261126,0.77670000,73.00000000,0.7918
1749261126,0.77630000,8.00000000,0.7918
1749261126,0.77620000,20.00000000,0.7918
1749261126,0.77540000,8.00000000,0.7918
1749261126,0.77520000,158.00000000,0.7918
1749261126,0.77510000,1647.00000000,0.7918
1749261126,0.77500000,14.00000000,0.7918
1749261126,0.77450000,29.00000000,0.7918
1749261126,0.77440000,8.00000000,0.7918
1749261126,0.77430000,24.00000000,0.7918
1749261126,0.77400000,286.00000000,0.7918
1749261444,0.79190000,32.00000000,0.792
1749261444,0.79180000,32.00000000,0.792
1749261444,0.79170000,610.00000000,0.792
1749261444,0.79160000,39.00000000,0.792
1749261444,0.79150000,32.00000000,0.792
1749261444,0.79140000,279.00000000,0.792
1749261444,0.79130000,703.00000000,0.792
1749261444,0.79120000,2279.00000000,0.792
1749261444,0.79110000,265.00000000,0.792
1749261444,0.79100000,878.00000000,0.792
1749261444,0.79090000,590.00000000,0.792
1749261444,0.79080000,1631.00000000,0.792
1749261444,0.79070000,2577.00000000,0.792
1749261444,0.79060000,4302.00000000,0.792
1749261444,0.79050000,527.00000000,0.792
1749261444,0.79040000,1881.00000000,0.792
1749261444,0.79030000,1910.00000000,0.792
1749261444,0.79020000,247.00000000,0.792
1749261444,0.79010000,727.00000000,0.792
1749261444,0.79000000,1251.00000000,0.792
1749261444,0.78990000,260.00000000,0.792
1749261444,0.78980000,2652.00000000,0.792
1749261444,0.78970000,374.00000000,0.792
1749261444,0.78960000,870.00000000,0.792
1749261444,0.78950000,1065.00000000,0.792
1749261444,0.78940000,1911.00000000,0.792
1749261444,0.78930000,848.00000000,0.792
1749261444,0.78910000,127.00000000,0.792
1749261444,0.78900000,247.00000000,0.792
1749261444,0.78890000,374.00000000,0.792
1749261444,0.78880000,526.00000000,0.792
1749261444,0.78870000,374.00000000,0.792
1749261444,0.78860000,1499.00000000,0.792
1749261444,0.78830000,13.00000000,0.792
1749261444,0.78820000,127.00000000,0.792
1749261444,0.78800000,1023.00000000,0.792
1749261444,0.78790000,127.00000000,0.792
1749261444,0.78780000,127.00000000,0.792
1749261444,0.78770000,1527.00000000,0.792
1749261444,0.78690000,7.00000000,0.792
1749261444,0.78680000,127.00000000,0.792
1749261444,0.78670000,1557.00000000,0.792
1749261444,0.78650000,1070.00000000,0.792
1749261444,0.78630000,127.00000000,0.792
1749261444,0.78620000,998.00000000,0.792
1749261444,0.78610000,670.00000000,0.792
1749261444,0.78600000,7.00000000,0.792
1749261444,0.78590000,1685.00000000,0.792
1749261444,0.78580000,803.00000000,0.792
1749261444,0.78570000,20.00000000,0.792
1749261444,0.78560000,717.00000000,0.792
1749261444,0.78530000,1374.00000000,0.792
1749261444,0.78500000,383.00000000,0.792
1749261444,0.78470000,679.00000000,0.792
1749261444,0.78460000,667.00000000,0.792
1749261444,0.78450000,894.00000000,0.792
1749261444,0.78440000,7.00000000,0.792
1749261444,0.78430000,702.00000000,0.792
1749261444,0.78400000,150.00000000,0.792
1749261444,0.78370000,77.00000000,0.792
1749261444,0.78360000,33.00000000,0.792
1749261444,0.78350000,74.00000000,0.792
1749261444,0.78290000,15.00000000,0.792
1749261444,0.78270000,7.00000000,0.792
1749261444,0.78250000,26.00000000,0.792
1749261444,0.78240000,1243.00000000,0.792
1749261444,0.78210000,991.00000000,0.792
1749261444,0.78190000,845.00000000,0.792
1749261444,0.78180000,238.00000000,0.792
1749261444,0.78130000,847.00000000,0.792
1749261444,0.78120000,137.00000000,0.792
1749261444,0.78110000,150.00000000,0.792
1749261444,0.78090000,668.00000000,0.792
1749261444,0.78070000,26.00000000,0.792
1749261444,0.78040000,14694.00000000,0.792
1749261444,0.78030000,164.00000000,0.792
1749261444,0.78000000,1556.00000000,0.792
1749261444,0.77980000,14.00000000,0.792
1749261444,0.77970000,69.00000000,0.792
1749261444,0.77940000,24.00000000,0.792
1749261444,0.77930000,9.00000000,0.792
1749261444,0.77920000,11.00000000,0.792
1749261444,0.77880000,7.00000000,0.792
1749261444,0.77850000,8.00000000,0.792
1749261444,0.77820000,151.00000000,0.792
1749261444,0.77800000,480.00000000,0.792
1749261444,0.77750000,13.00000000,0.792
1749261444,0.77730000,84.00000000,0.792
1749261444,0.77720000,10.00000000,0.792
1749261444,0.77700000,402.00000000,0.792
1749261444,0.77680000,7.00000000,0.792
1749261444,0.77670000,73.00000000,0.792
1749261444,0.77630000,8.00000000,0.792
1749261444,0.77620000,20.00000000,0.792
1749261444,0.77540000,8.00000000,0.792
1749261444,0.77520000,158.00000000,0.792
1749261444,0.77510000,2934.00000000,0.792
1749261444,0.77500000,14.00000000,0.792
1749261444,0.77450000,29.00000000,0.792
1749261444,0.77440000,8.00000000,0.792
1749261760,0.79060000,129.00000000,0.792
1749261760,0.79050000,282.00000000,0.792
1749261760,0.79040000,32.00000000,0.792
1749261760,0.79030000,236.00000000,0.792
1749261760,0.79020000,575.00000000,0.792
1749261760,0.79010000,2302.00000000,0.792
1749261760,0.79000000,2705.00000000,0.792
1749261760,0.78990000,1334.00000000,0.792
1749261760,0.78980000,1672.00000000,0.792
1749261760,0.78970000,1507.00000000,0.792
1749261760,0.78960000,1460.00000000,0.792
1749261760,0.78950000,352.00000000,0.792
1749261760,0.78940000,247.00000000,0.792
1749261760,0.78930000,254.00000000,0.792
1749261760,0.78910000,247.00000000,0.792
1749261760,0.78900000,274.00000000,0.792
1749261760,0.78890000,374.00000000,0.792
1749261760,0.78880000,339.00000000,0.792
1749261760,0.78870000,1274.00000000,0.792
1749261760,0.78860000,1746.00000000,0.792
1749261760,0.78850000,351.00000000,0.792
1749261760,0.78840000,1424.00000000,0.792
1749261760,0.78830000,1104.00000000,0.792
1749261760,0.78820000,374.00000000,0.792
1749261760,0.78810000,247.00000000,0.792
1749261760,0.78800000,842.00000000,0.792
1749261760,0.78790000,374.00000000,0.792
1749261760,0.78780000,374.00000000,0.792
1749261760,0.78770000,1774.00000000,0.792
1749261760,0.78760000,4350.00000000,0.792
1749261760,0.78730000,127.00000000,0.792
1749261760,0.78720000,363.00000000,0.792
1749261760,0.78700000,127.00000000,0.792
1749261760,0.78690000,932.00000000,0.792
1749261760,0.78680000,127.00000000,0.792
1749261760,0.78670000,1557.00000000,0.792
1749261760,0.78650000,1070.00000000,0.792
1749261760,0.78640000,127.00000000,0.792
1749261760,0.78630000,127.00000000,0.792
1749261760,0.78620000,998.00000000,0.792
1749261760,0.78600000,7.00000000,0.792
1749261760,0.78580000,803.00000000,0.792
1749261760,0.78570000,20.00000000,0.792
1749261760,0.78560000,717.00000000,0.792
1749261760,0.78550000,127.00000000,0.792
1749261760,0.78530000,683.00000000,0.792
1749261760,0.78520000,127.00000000,0.792
1749261760,0.78480000,127.00000000,0.792
1749261760,0.78470000,679.00000000,0.792
1749261760,0.78460000,667.00000000,0.792
1749261760,0.78450000,894.00000000,0.792
1749261760,0.78440000,7.00000000,0.792
1749261760,0.78410000,672.00000000,0.792
1749261760,0.78400000,150.00000000,0.792
1749261760,0.78390000,1690.00000000,0.792
1749261760,0.78370000,457.00000000,0.792
1749261760,0.78360000,33.00000000,0.792
1749261760,0.78350000,74.00000000,0.792
1749261760,0.78330000,693.00000000,0.792
1749261760,0.78290000,15.00000000,0.792
1749261760,0.78270000,7.00000000,0.792
1749261760,0.78250000,26.00000000,0.792
1749261760,0.78240000,1243.00000000,0.792
1749261760,0.78230000,703.00000000,0.792
1749261760,0.78210000,991.00000000,0.792
1749261760,0.78190000,845.00000000,0.792
1749261760,0.78180000,238.00000000,0.792
1749261760,0.78130000,847.00000000,0.792
1749261760,0.78120000,137.00000000,0.792
1749261760,0.78110000,150.00000000,0.792
1749261760,0.78090000,668.00000000,0.792
1749261760,0.78070000,26.00000000,0.792
1749261760,0.78020000,164.00000000,0.792
1749261760,0.78000000,1556.00000000,0.792
1749261760,0.77980000,14.00000000,0.792
1749261760,0.77970000,69.00000000,0.792
1749261760,0.77940000,24.00000000,0.792
1749261760,0.77930000,9.00000000,0.792
1749261760,0.77920000,11.00000000,0.792
1749261760,0.77880000,7.00000000,0.792
1749261760,0.77850000,8.00000000,0.792
1749261760,0.77830000,14733.00000000,0.792
1749261760,0.77820000,151.00000000,0.792
1749261760,0.77800000,480.00000000,0.792
1749261760,0.77750000,13.00000000,0.792
1749261760,0.77730000,84.00000000,0.792
1749261760,0.77720000,10.00000000,0.792
1749261760,0.77700000,402.00000000,0.792
1749261760,0.77680000,7.00000000,0.792
1749261760,0.77670000,73.00000000,0.792
1749261760,0.77630000,8.00000000,0.792
1749261760,0.77540000,8.00000000,0.792
1749261760,0.77520000,178.00000000,0.792
1749261760,0.77510000,2934.00000000,0.792
1749261760,0.77500000,14.00000000,0.792
1749261760,0.77450000,29.00000000,0.792
1749261760,0.77440000,8.00000000,0.792
1749261760,0.77430000,24.00000000,0.792
1749261760,0.77400000,286.00000000,0.792
1749261760,0.77370000,12.00000000,0.792
1749262062,0.79060000,32.00000000,0.792
1749262062,0.79050000,32.00000000,0.792
1749262062,0.79040000,282.00000000,0.792
1749262062,0.79030000,32.00000000,0.792
1749262062,0.79020000,32.00000000,0.792
1749262062,0.79010000,951.00000000,0.792
1749262062,0.79000000,3097.00000000,0.792
1749262062,0.78990000,2375.00000000,0.792
1749262062,0.78980000,792.00000000,0.792
1749262062,0.78970000,1028.00000000,0.792
1749262062,0.78960000,2604.00000000,0.792
1749262062,0.78950000,352.00000000,0.792
1749262062,0.78940000,1030.00000000,0.792
1749262062,0.78930000,2611.00000000,0.792
1749262062,0.78910000,247.00000000,0.792
1749262062,0.78900000,274.00000000,0.792
1749262062,0.78890000,374.00000000,0.792
1749262062,0.78880000,339.00000000,0.792
1749262062,0.78870000,374.00000000,0.792
1749262062,0.78860000,247.00000000,0.792
1749262062,0.78850000,1648.00000000,0.792
1749262062,0.78840000,247.00000000,0.792
1749262062,0.78830000,260.00000000,0.792
1749262062,0.78820000,998.00000000,0.792
1749262062,0.78810000,2644.00000000,0.792
1749262062,0.78800000,247.00000000,0.792
1749262062,0.78790000,374.00000000,0.792
1749262062,0.78780000,374.00000000,0.792
1749262062,0.78770000,1774.00000000,0.792
1749262062,0.78760000,794.00000000,0.792
1749262062,0.78750000,247.00000000,0.792
1749262062,0.78740000,842.00000000,0.792
1749262062,0.78730000,4447.00000000,0.792
1749262062,0.78720000,610.00000000,0.792
1749262062,0.78710000,258.00000000,0.792
1749262062,0.78700000,127.00000000,0.792
1749262062,0.78690000,932.00000000,0.792
1749262062,0.78680000,127.00000000,0.792
1749262062,0.78670000,13.00000000,0.792
1749262062,0.78650000,1070.00000000,0.792
1749262062,0.78640000,127.00000000,0.792
1749262062,0.78630000,127.00000000,0.792
1749262062,0.78620000,998.00000000,0.792
1749262062,0.78600000,7.00000000,0.792
1749262062,0.78580000,127.00000000,0.792
1749262062,0.78570000,20.00000000,0.792
1749262062,0.78550000,127.00000000,0.792
1749262062,0.78530000,1547.00000000,0.792
1749262062,0.78520000,127.00000000,0.792
1749262062,0.78450000,894.00000000,0.792
1749262062,0.78440000,7.00000000,0.792
1749262062,0.78410000,672.00000000,0.792
1749262062,0.78400000,150.00000000,0.792
1749262062,0.78390000,1690.00000000,0.792
1749262062,0.78380000,678.00000000,0.792
1749262062,0.78370000,457.00000000,0.792
1749262062,0.78360000,752.00000000,0.792
1749262062,0.78350000,74.00000000,0.792
1749262062,0.78330000,1377.00000000,0.792
1749262062,0.78290000,15.00000000,0.792
1749262062,0.78270000,688.00000000,0.792
1749262062,0.78260000,669.00000000,0.792
1749262062,0.78250000,26.00000000,0.792
1749262062,0.78240000,1243.00000000,0.792
1749262062,0.78230000,703.00000000,0.792
1749262062,0.78210000,915.00000000,0.792
1749262062,0.78190000,845.00000000,0.792
1749262062,0.78180000,238.00000000,0.792
1749262062,0.78130000,847.00000000,0.792
1749262062,0.78120000,137.00000000,0.792
1749262062,0.78110000,227.00000000,0.792
1749262062,0.78090000,668.00000000,0.792
1749262062,0.78070000,26.00000000,0.792
1749262062,0.78020000,164.00000000,0.792
1749262062,0.78000000,1556.00000000,0.792
1749262062,0.77980000,14.00000000,0.792
1749262062,0.77970000,69.00000000,0.792
1749262062,0.77940000,24.00000000,0.792
1749262062,0.77930000,9.00000000,0.792
1749262062,0.77920000,11.00000000,0.792
1749262062,0.77880000,7.00000000,0.792
1749262062,0.77850000,14737.00000000,0.792
1749262062,0.77840000,325.00000000,0.792
1749262062,0.77820000,151.00000000,0.792
1749262062,0.77750000,13.00000000,0.792
1749262062,0.77730000,7.00000000,0.792
1749262062,0.77720000,10.00000000,0.792
1749262062,0.77700000,402.00000000,0.792
1749262062,0.77680000,7.00000000,0.792
1749262062,0.77670000,73.00000000,0.792
1749262062,0.77640000,240.00000000,0.792
1749262062,0.77630000,85.00000000,0.792
1749262062,0.77540000,8.00000000,0.792
1749262062,0.77520000,178.00000000,0.792
1749262062,0.77510000,2934.00000000,0.792
1749262062,0.77500000,14.00000000,0.792
1749262062,0.77450000,29.00000000,0.792
1749262062,0.77440000,8.00000000,0.792
1749262062,0.77430000,24.00000000,0.792
1749262062,0.77400000,286.00000000,0.792
1749262368,0.79070000,419.00000000,0.7908
1749262368,0.79060000,236.00000000,0.7908
1749262368,0.79050000,279.00000000,0.7908
1749262368,0.79040000,483.00000000,0.7908
1749262368,0.79030000,539.00000000,0.7908
1749262368,0.79020000,2007.00000000,0.7908
1749262368,0.79010000,1617.00000000,0.7908
1749262368,0.79000000,279.00000000,0.7908
1749262368,0.78990000,739.00000000,0.7908
1749262368,0.78980000,2555.00000000,0.7908
1749262368,0.78970000,1585.00000000,0.7908
1749262368,0.78960000,726.00000000,0.7908
1749262368,0.78950000,1595.00000000,0.7908
1749262368,0.78940000,1585.00000000,0.7908
1749262368,0.78930000,627.00000000,0.7908
1749262368,0.78920000,2530.00000000,0.7908
1749262368,0.78910000,247.00000000,0.7908
1749262368,0.78900000,274.00000000,0.7908
1749262368,0.78890000,374.00000000,0.7908
1749262368,0.78880000,962.00000000,0.7908
1749262368,0.78870000,2332.00000000,0.7908
1749262368,0.78860000,247.00000000,0.7908
1749262368,0.78850000,1648.00000000,0.7908
1749262368,0.78840000,247.00000000,0.7908
1749262368,0.78830000,1170.00000000,0.7908
1749262368,0.78820000,374.00000000,0.7908
1749262368,0.78810000,1147.00000000,0.7908
1749262368,0.78800000,842.00000000,0.7908
1749262368,0.78790000,642.00000000,0.7908
1749262368,0.78780000,127.00000000,0.7908
1749262368,0.78770000,5598.00000000,0.7908
1749262368,0.78760000,279.00000000,0.7908
1749262368,0.78730000,127.00000000,0.7908
1749262368,0.78720000,363.00000000,0.7908
1749262368,0.78710000,258.00000000,0.7908
1749262368,0.78700000,127.00000000,0.7908
1749262368,0.78690000,932.00000000,0.7908
1749262368,0.78680000,127.00000000,0.7908
1749262368,0.78670000,13.00000000,0.7908
1749262368,0.78650000,1070.00000000,0.7908
1749262368,0.78640000,127.00000000,0.7908
1749262368,0.78630000,127.00000000,0.7908
1749262368,0.78620000,998.00000000,0.7908
1749262368,0.78600000,7.00000000,0.7908
1749262368,0.78580000,127.00000000,0.7908
1749262368,0.78570000,20.00000000,0.7908
1749262368,0.78550000,127.00000000,0.7908
1749262368,0.78530000,1547.00000000,0.7908
1749262368,0.78520000,127.00000000,0.7908
1749262368,0.78510000,677.00000000,0.7908
1749262368,0.78450000,894.00000000,0.7908
1749262368,0.78440000,7.00000000,0.7908
1749262368,0.78410000,672.00000000,0.7908
1749262368,0.78400000,150.00000000,0.7908
1749262368,0.78390000,2070.00000000,0.7908
1749262368,0.78370000,77.00000000,0.7908
1749262368,0.78360000,752.00000000,0.7908
1749262368,0.78350000,74.00000000,0.7908
1749262368,0.78330000,1377.00000000,0.7908
1749262368,0.78290000,15.00000000,0.7908
1749262368,0.78270000,688.00000000,0.7908
1749262368,0.78260000,669.00000000,0.7908
1749262368,0.78250000,26.00000000,0.7908
1749262368,0.78240000,1243.00000000,0.7908
1749262368,0.78230000,703.00000000,0.7908
1749262368,0.78210000,915.00000000,0.7908
1749262368,0.78190000,845.00000000,0.7908
1749262368,0.78180000,238.00000000,0.7908
1749262368,0.78130000,924.00000000,0.7908
1749262368,0.78120000,137.00000000,0.7908
1749262368,0.78110000,150.00000000,0.7908
1749262368,0.78090000,668.00000000,0.7908
1749262368,0.78070000,26.00000000,0.7908
1749262368,0.78020000,164.00000000,0.7908
1749262368,0.78000000,1556.00000000,0.7908
1749262368,0.77980000,14.00000000,0.7908
1749262368,0.77970000,69.00000000,0.7908
1749262368,0.77940000,24.00000000,0.7908
1749262368,0.77930000,9.00000000,0.7908
1749262368,0.77920000,11.00000000,0.7908
1749262368,0.77880000,7.00000000,0.7908
1749262368,0.77870000,14726.00000000,0.7908
1749262368,0.77860000,325.00000000,0.7908
1749262368,0.77850000,8.00000000,0.7908
1749262368,0.77840000,239.00000000,0.7908
1749262368,0.77820000,151.00000000,0.7908
1749262368,0.77750000,13.00000000,0.7908
1749262368,0.77730000,7.00000000,0.7908
1749262368,0.77720000,10.00000000,0.7908
1749262368,0.77700000,402.00000000,0.7908
1749262368,0.77680000,7.00000000,0.7908
1749262368,0.77670000,313.00000000,0.7908
1749262368,0.77660000,77.00000000,0.7908
1749262368,0.77630000,8.00000000,0.7908
1749262368,0.77540000,8.00000000,0.7908
1749262368,0.77520000,158.00000000,0.7908
1749262368,0.77510000,1647.00000000,0.7908
1749262368,0.77500000,14.00000000,0.7908
1749262368,0.77450000,29.00000000,0.7908
1749262368,0.77440000,8.00000000,0.7908
1749262670,0.79140000,1132.00000000,0.7918
1749262670,0.79130000,2761.00000000,0.7918
1749262670,0.79120000,282.00000000,0.7918
1749262670,0.79110000,32.00000000,0.7918
1749262670,0.79100000,279.00000000,0.7918
1749262670,0.79090000,648.00000000,0.7918
1749262670,0.79080000,1230.00000000,0.7918
1749262670,0.79070000,1143.00000000,0.7918
1749262670,0.79060000,4336.00000000,0.7918
1749262670,0.79050000,4704.00000000,0.7918
1749262670,0.79040000,1667.00000000,0.7918
1749262670,0.79030000,1832.00000000,0.7918
1749262670,0.79020000,1657.00000000,0.7918
1749262670,0.79010000,1424.00000000,0.7918
1749262670,0.79000000,351.00000000,0.7918
1749262670,0.78990000,260.00000000,0.7918
1749262670,0.78980000,635.00000000,0.7918
1749262670,0.78970000,870.00000000,0.7918
1749262670,0.78960000,1771.00000000,0.7918
1749262670,0.78950000,352.00000000,0.7918
1749262670,0.78940000,1825.00000000,0.7918
1749262670,0.78930000,1752.00000000,0.7918
1749262670,0.78920000,968.00000000,0.7918
1749262670,0.78910000,908.00000000,0.7918
1749262670,0.78900000,274.00000000,0.7918
1749262670,0.78890000,641.00000000,0.7918
1749262670,0.78880000,247.00000000,0.7918
1749262670,0.78870000,374.00000000,0.7918
1749262670,0.78860000,247.00000000,0.7918
1749262670,0.78850000,1544.00000000,0.7918
1749262670,0.78830000,518.00000000,0.7918
1749262670,0.78820000,374.00000000,0.7918
1749262670,0.78810000,270.00000000,0.7918
1749262670,0.78800000,362.00000000,0.7918
1749262670,0.78790000,127.00000000,0.7918
1749262670,0.78780000,127.00000000,0.7918
1749262670,0.78770000,1527.00000000,0.7918
1749262670,0.78760000,279.00000000,0.7918
1749262670,0.78730000,1670.00000000,0.7918
1749262670,0.78700000,127.00000000,0.7918
1749262670,0.78690000,662.00000000,0.7918
1749262670,0.78680000,127.00000000,0.7918
1749262670,0.78670000,13.00000000,0.7918
1749262670,0.78650000,1070.00000000,0.7918
1749262670,0.78640000,127.00000000,0.7918
1749262670,0.78630000,127.00000000,0.7918
1749262670,0.78620000,1668.00000000,0.7918
1749262670,0.78600000,7.00000000,0.7918
1749262670,0.78580000,127.00000000,0.7918
1749262670,0.78570000,20.00000000,0.7918
1749262670,0.78560000,717.00000000,0.7918
1749262670,0.78540000,683.00000000,0.7918
1749262670,0.78510000,677.00000000,0.7918
1749262670,0.78470000,1346.00000000,0.7918
1749262670,0.78460000,381.00000000,0.7918
1749262670,0.78450000,1596.00000000,0.7918
1749262670,0.78440000,7.00000000,0.7918
1749262670,0.78400000,150.00000000,0.7918
1749262670,0.78390000,1690.00000000,0.7918
1749262670,0.78370000,77.00000000,0.7918
1749262670,0.78360000,33.00000000,0.7918
1749262670,0.78350000,74.00000000,0.7918
1749262670,0.78340000,238.00000000,0.7918
1749262670,0.78330000,693.00000000,0.7918
1749262670,0.78290000,15.00000000,0.7918
1749262670,0.78270000,7.00000000,0.7918
1749262670,0.78250000,26.00000000,0.7918
1749262670,0.78240000,1243.00000000,0.7918
1749262670,0.78210000,915.00000000,0.7918
1749262670,0.78190000,845.00000000,0.7918
1749262670,0.78130000,924.00000000,0.7918
1749262670,0.78120000,137.00000000,0.7918
1749262670,0.78110000,150.00000000,0.7918
1749262670,0.78090000,668.00000000,0.7918
1749262670,0.78070000,26.00000000,0.7918
1749262670,0.78030000,14695.00000000,0.7918
1749262670,0.78020000,164.00000000,0.7918
1749262670,0.78000000,1556.00000000,0.7918
1749262670,0.77980000,14.00000000,0.7918
1749262670,0.77970000,69.00000000,0.7918
1749262670,0.77940000,24.00000000,0.7918
1749262670,0.77930000,9.00000000,0.7918
1749262670,0.77920000,11.00000000,0.7918
1749262670,0.77880000,7.00000000,0.7918
1749262670,0.77860000,325.00000000,0.7918
1749262670,0.77850000,8.00000000,0.7918
1749262670,0.77840000,239.00000000,0.7918
1749262670,0.77820000,151.00000000,0.7918
1749262670,0.77750000,13.00000000,0.7918
1749262670,0.77730000,7.00000000,0.7918
1749262670,0.77720000,10.00000000,0.7918
1749262670,0.77700000,402.00000000,0.7918
1749262670,0.77680000,7.00000000,0.7918
1749262670,0.77670000,313.00000000,0.7918
1749262670,0.77650000,77.00000000,0.7918
1749262670,0.77630000,8.00000000,0.7918
1749262670,0.77540000,8.00000000,0.7918
1749262670,0.77520000,158.00000000,0.7918
1749262670,0.77510000,1647.00000000,0.7918
1749262670,0.77500000,14.00000000,0.7918
1749262972,0.79200000,32.00000000,0.792
1749262972,0.79190000,32.00000000,0.792
1749262972,0.79180000,32.00000000,0.792
1749262972,0.79170000,32.00000000,0.792
1749262972,0.79160000,236.00000000,0.792
1749262972,0.79150000,279.00000000,0.792
1749262972,0.79140000,1392.00000000,0.792
1749262972,0.79130000,2804.00000000,0.792
1749262972,0.79120000,529.00000000,0.792
1749262972,0.79110000,896.00000000,0.792
1749262972,0.79100000,2162.00000000,0.792
1749262972,0.79090000,758.00000000,0.792
1749262972,0.79080000,1596.00000000,0.792
1749262972,0.79070000,247.00000000,0.792
1749262972,0.79060000,748.00000000,0.792
1749262972,0.79050000,2031.00000000,0.792
1749262972,0.79040000,1564.00000000,0.792
1749262972,0.79030000,1562.00000000,0.792
1749262972,0.79020000,2912.00000000,0.792
1749262972,0.79010000,247.00000000,0.792
1749262972,0.79000000,3973.00000000,0.792
1749262972,0.78990000,260.00000000,0.792
1749262972,0.78980000,374.00000000,0.792
1749262972,0.78970000,247.00000000,0.792
1749262972,0.78960000,1905.00000000,0.792
1749262972,0.78950000,352.00000000,0.792
1749262972,0.78940000,833.00000000,0.792
1749262972,0.78930000,1752.00000000,0.792
1749262972,0.78920000,968.00000000,0.792
1749262972,0.78900000,274.00000000,0.792
1749262972,0.78890000,4458.00000000,0.792
1749262972,0.78880000,247.00000000,0.792
1749262972,0.78870000,374.00000000,0.792
1749262972,0.78850000,1297.00000000,0.792
1749262972,0.78830000,271.00000000,0.792
1749262972,0.78820000,781.00000000,0.792
1749262972,0.78810000,270.00000000,0.792
1749262972,0.78800000,362.00000000,0.792
1749262972,0.78790000,127.00000000,0.792
1749262972,0.78780000,127.00000000,0.792
1749262972,0.78770000,1527.00000000,0.792
1749262972,0.78760000,279.00000000,0.792
1749262972,0.78730000,1670.00000000,0.792
1749262972,0.78700000,127.00000000,0.792
1749262972,0.78690000,7.00000000,0.792
1749262972,0.78680000,127.00000000,0.792
1749262972,0.78670000,13.00000000,0.792
1749262972,0.78650000,1070.00000000,0.792
1749262972,0.78640000,127.00000000,0.792
1749262972,0.78630000,127.00000000,0.792
1749262972,0.78620000,1668.00000000,0.792
1749262972,0.78600000,7.00000000,0.792
1749262972,0.78570000,20.00000000,0.792
1749262972,0.78560000,717.00000000,0.792
1749262972,0.78540000,683.00000000,0.792
1749262972,0.78530000,691.00000000,0.792
1749262972,0.78510000,1059.00000000,0.792
1749262972,0.78470000,1346.00000000,0.792
1749262972,0.78450000,1596.00000000,0.792
1749262972,0.78440000,7.00000000,0.792
1749262972,0.78400000,150.00000000,0.792
1749262972,0.78390000,1690.00000000,0.792
1749262972,0.78370000,77.00000000,0.792
1749262972,0.78360000,33.00000000,0.792
1749262972,0.78350000,74.00000000,0.792
1749262972,0.78340000,238.00000000,0.792
1749262972,0.78290000,15.00000000,0.792
1749262972,0.78270000,7.00000000,0.792
1749262972,0.78250000,26.00000000,0.792
1749262972,0.78240000,1243.00000000,0.792
1749262972,0.78210000,992.00000000,0.792
1749262972,0.78190000,845.00000000,0.792
1749262972,0.78130000,847.00000000,0.792
1749262972,0.78120000,137.00000000,0.792
1749262972,0.78110000,150.00000000,0.792
1749262972,0.78090000,668.00000000,0.792
1749262972,0.78070000,26.00000000,0.792
1749262972,0.78060000,164.00000000,0.792
1749262972,0.78010000,14699.00000000,0.792
1749262972,0.78000000,1556.00000000,0.792
1749262972,0.77980000,14.00000000,0.792
1749262972,0.77970000,69.00000000,0.792
1749262972,0.77940000,24.00000000,0.792
1749262972,0.77930000,9.00000000,0.792
1749262972,0.77920000,11.00000000,0.792
1749262972,0.77880000,7.00000000,0.792
1749262972,0.77860000,325.00000000,0.792
1749262972,0.77850000,8.00000000,0.792
1749262972,0.77840000,239.00000000,0.792
1749262972,0.77820000,151.00000000,0.792
1749262972,0.77750000,13.00000000,0.792
1749262972,0.77730000,84.00000000,0.792
1749262972,0.77720000,10.00000000,0.792
1749262972,0.77700000,402.00000000,0.792
1749262972,0.77680000,7.00000000,0.792
1749262972,0.77670000,313.00000000,0.792
1749262972,0.77630000,8.00000000,0.792
1749262972,0.77540000,8.00000000,0.792
1749262972,0.77520000,158.00000000,0.792
1749262972,0.77510000,1647.00000000,0.792
1749263281,0.79290000,250.00000000,0.792
1749263281,0.79280000,130.00000000,0.792
1749263281,0.79270000,236.00000000,0.792
1749263281,0.79260000,279.00000000,0.792
1749263281,0.79250000,483.00000000,0.792
1749263281,0.79240000,32.00000000,0.792
1749263281,0.79230000,532.00000000,0.792
1749263281,0.79220000,1525.00000000,0.792
1749263281,0.79210000,652.00000000,0.792
1749263281,0.79200000,1780.00000000,0.792
1749263281,0.79190000,1547.00000000,0.792
1749263281,0.79180000,1525.00000000,0.792
1749263281,0.79170000,728.00000000,0.792
1749263281,0.79160000,1490.00000000,0.792
1749263281,0.79150000,830.00000000,0.792
1749263281,0.79140000,1493.00000000,0.792
1749263281,0.79130000,723.00000000,0.792
1749263281,0.79120000,1976.00000000,0.792
1749263281,0.79110000,2098.00000000,0.792
1749263281,0.79100000,1563.00000000,0.792
1749263281,0.79080000,247.00000000,0.792
1749263281,0.79070000,1869.00000000,0.792
1749263281,0.79060000,338.00000000,0.792
1749263281,0.79050000,1394.00000000,0.792
1749263281,0.79020000,247.00000000,0.792
1749263281,0.79010000,374.00000000,0.792
1749263281,0.79000000,3262.00000000,0.792
1749263281,0.78990000,260.00000000,0.792
1749263281,0.78980000,968.00000000,0.792
1749263281,0.78970000,247.00000000,0.792
1749263281,0.78960000,4187.00000000,0.792
1749263281,0.78950000,247.00000000,0.792
1749263281,0.78930000,7.00000000,0.792
1749263281,0.78920000,127.00000000,0.792
1749263281,0.78890000,394.00000000,0.792
1749263281,0.78880000,642.00000000,0.792
1749263281,0.78870000,127.00000000,0.792
1749263281,0.78830000,271.00000000,0.792
1749263281,0.78820000,781.00000000,0.792
1749263281,0.78810000,270.00000000,0.792
1749263281,0.78790000,127.00000000,0.792
1749263281,0.78780000,127.00000000,0.792
1749263281,0.78730000,1670.00000000,0.792
1749263281,0.78700000,127.00000000,0.792
1749263281,0.78690000,7.00000000,0.792
1749263281,0.78680000,127.00000000,0.792
1749263281,0.78670000,13.00000000,0.792
1749263281,0.78650000,1070.00000000,0.792
1749263281,0.78620000,1668.00000000,0.792
1749263281,0.78600000,7.00000000,0.792
1749263281,0.78580000,384.00000000,0.792
1749263281,0.78570000,20.00000000,0.792
1749263281,0.78560000,717.00000000,0.792
1749263281,0.78540000,683.00000000,0.792
1749263281,0.78530000,691.00000000,0.792
1749263281,0.78510000,677.00000000,0.792
1749263281,0.78470000,1346.00000000,0.792
1749263281,0.78450000,1596.00000000,0.792
1749263281,0.78440000,7.00000000,0.792
1749263281,0.78400000,150.00000000,0.792
1749263281,0.78390000,2600.00000000,0.792
1749263281,0.78370000,77.00000000,0.792
1749263281,0.78360000,33.00000000,0.792
1749263281,0.78350000,74.00000000,0.792
1749263281,0.78340000,238.00000000,0.792
1749263281,0.78290000,15.00000000,0.792
1749263281,0.78270000,7.00000000,0.792
1749263281,0.78250000,26.00000000,0.792
1749263281,0.78240000,1243.00000000,0.792
1749263281,0.78220000,164.00000000,0.792
1749263281,0.78210000,84.00000000,0.792
1749263281,0.78190000,845.00000000,0.792
1749263281,0.78130000,847.00000000,0.792
1749263281,0.78120000,137.00000000,0.792
1749263281,0.78110000,150.00000000,0.792
1749263281,0.78100000,14682.00000000,0.792
1749263281,0.78090000,668.00000000,0.792
1749263281,0.78070000,26.00000000,0.792
1749263281,0.78030000,325.00000000,0.792
1749263281,0.78010000,239.00000000,0.792
1749263281,0.78000000,1556.00000000,0.792
1749263281,0.77980000,14.00000000,0.792
1749263281,0.77970000,69.00000000,0.792
1749263281,0.77940000,24.00000000,0.792
1749263281,0.77930000,9.00000000,0.792
1749263281,0.77920000,11.00000000,0.792
1749263281,0.77880000,7.00000000,0.792
1749263281,0.77850000,8.00000000,0.792
1749263281,0.77820000,151.00000000,0.792
1749263281,0.77750000,13.00000000,0.792
1749263281,0.77730000,84.00000000,0.792
1749263281,0.77720000,10.00000000,0.792
1749263281,0.77700000,402.00000000,0.792
1749263281,0.77680000,7.00000000,0.792
1749263281,0.77670000,313.00000000,0.792
1749263281,0.77630000,8.00000000,0.792
1749263281,0.77540000,8.00000000,0.792
1749263281,0.77520000,158.00000000,0.792
1749263281,0.77510000,1647.00000000,0.792
1749263281,0.77500000,14.00000000,0.792
1749263582,0.79200000,32.00000000,0.7923
1749263582,0.79190000,32.00000000,0.7923
1749263582,0.79180000,32.00000000,0.7923
1749263582,0.79170000,1322.00000000,0.7923
1749263582,0.79160000,3007.00000000,0.7923
1749263582,0.79150000,2083.00000000,0.7923
1749263582,0.79140000,1936.00000000,0.7923
1749263582,0.79130000,1001.00000000,0.7923
1749263582,0.79120000,3033.00000000,0.7923
1749263582,0.79110000,1906.00000000,0.7923
1749263582,0.79100000,1409.00000000,0.7923
1749263582,0.79090000,664.00000000,0.7923
1749263582,0.79080000,1389.00000000,0.7923
1749263582,0.79070000,944.00000000,0.7923
1749263582,0.79060000,2492.00000000,0.7923
1749263582,0.79050000,247.00000000,0.7923
1749263582,0.79040000,660.00000000,0.7923
1749263582,0.79030000,1026.00000000,0.7923
1749263582,0.79020000,247.00000000,0.7923
1749263582,0.79010000,427.00000000,0.7923
1749263582,0.79000000,1287.00000000,0.7923
1749263582,0.78990000,1529.00000000,0.7923
1749263582,0.78980000,374.00000000,0.7923
1749263582,0.78970000,247.00000000,0.7923
1749263582,0.78960000,399.00000000,0.7923
1749263582,0.78950000,514.00000000,0.7923
1749263582,0.78940000,1741.00000000,0.7923
1749263582,0.78930000,7.00000000,0.7923
1749263582,0.78920000,968.00000000,0.7923
1749263582,0.78900000,505.00000000,0.7923
1749263582,0.78890000,4438.00000000,0.7923
1749263582,0.78880000,631.00000000,0.7923
1749263582,0.78870000,374.00000000,0.7923
1749263582,0.78850000,516.00000000,0.7923
1749263582,0.78830000,13.00000000,0.7923
1749263582,0.78820000,781.00000000,0.7923
1749263582,0.78800000,358.00000000,0.7923
1749263582,0.78790000,127.00000000,0.7923
1749263582,0.78780000,127.00000000,0.7923
1749263582,0.78730000,127.00000000,0.7923
1749263582,0.78710000,675.00000000,0.7923
1749263582,0.78700000,127.00000000,0.7923
1749263582,0.78690000,7.00000000,0.7923
1749263582,0.78680000,1544.00000000,0.7923
1749263582,0.78650000,1070.00000000,0.7923
1749263582,0.78640000,126.00000000,0.7923
1749263582,0.78630000,843.00000000,0.7923
1749263582,0.78620000,998.00000000,0.7923
1749263582,0.78610000,670.00000000,0.7923
1749263582,0.78600000,7.00000000,0.7923
1749263582,0.78590000,1685.00000000,0.7923
1749263582,0.78570000,20.00000000,0.7923
1749263582,0.78540000,683.00000000,0.7923
1749263582,0.78530000,691.00000000,0.7923
1749263582,0.78520000,382.00000000,0.7923
1749263582,0.78470000,1346.00000000,0.7923
1749263582,0.78450000,1596.00000000,0.7923
1749263582,0.78440000,7.00000000,0.7923
1749263582,0.78400000,150.00000000,0.7923
1749263582,0.78390000,910.00000000,0.7923
1749263582,0.78370000,77.00000000,0.7923
1749263582,0.78360000,33.00000000,0.7923
1749263582,0.78350000,74.00000000,0.7923
1749263582,0.78340000,238.00000000,0.7923
1749263582,0.78290000,15.00000000,0.7923
1749263582,0.78270000,7.00000000,0.7923
1749263582,0.78250000,26.00000000,0.7923
1749263582,0.78240000,1243.00000000,0.7923
1749263582,0.78220000,164.00000000,0.7923
1749263582,0.78210000,84.00000000,0.7923
1749263582,0.78190000,845.00000000,0.7923
1749263582,0.78130000,847.00000000,0.7923
1749263582,0.78120000,137.00000000,0.7923
1749263582,0.78110000,150.00000000,0.7923
1749263582,0.78090000,668.00000000,0.7923
1749263582,0.78070000,26.00000000,0.7923
1749263582,0.78020000,14697.00000000,0.7923
1749263582,0.78010000,239.00000000,0.7923
1749263582,0.78000000,1556.00000000,0.7923
1749263582,0.77980000,14.00000000,0.7923
1749263582,0.77970000,69.00000000,0.7923
1749263582,0.77940000,24.00000000,0.7923
1749263582,0.77930000,9.00000000,0.7923
1749263582,0.77920000,11.00000000,0.7923
1749263582,0.77880000,7.00000000,0.7923
1749263582,0.77870000,239.00000000,0.7923
1749263582,0.77850000,8.00000000,0.7923
1749263582,0.77820000,151.00000000,0.7923
1749263582,0.77750000,13.00000000,0.7923
1749263582,0.77730000,84.00000000,0.7923
1749263582,0.77720000,10.00000000,0.7923
1749263582,0.77700000,402.00000000,0.7923
1749263582,0.77680000,7.00000000,0.7923
1749263582,0.77670000,73.00000000,0.7923
1749263582,0.77630000,8.00000000,0.7923
1749263582,0.77620000,1286.00000000,0.7923
1749263582,0.77540000,8.00000000,0.7923
1749263582,0.77520000,158.00000000,0.7923
1749263582,0.77510000,1647.00000000,0.7923
1749263582,0.77500000,14.00000000,0.7923
1749263884,0.79210000,82.00000000,0.7923
1749263884,0.79200000,392.00000000,0.7923
1749263884,0.79190000,279.00000000,0.7923
1749263884,0.79180000,729.00000000,0.7923
1749263884,0.79170000,279.00000000,0.7923
1749263884,0.79160000,279.00000000,0.7923
1749263884,0.79150000,260.00000000,0.7923
1749263884,0.79140000,687.00000000,0.7923
1749263884,0.79130000,1907.00000000,0.7923
1749263884,0.79120000,1905.00000000,0.7923
1749263884,0.79110000,1538.00000000,0.7923
1749263884,0.79100000,1170.00000000,0.7923
1749263884,0.79090000,3323.00000000,0.7923
1749263884,0.79080000,500.00000000,0.7923
1749263884,0.79070000,1538.00000000,0.7923
1749263884,0.79060000,687.00000000,0.7923
1749263884,0.79050000,1467.00000000,0.7923
1749263884,0.79040000,814.00000000,0.7923
1749263884,0.79030000,1539.00000000,0.7923
1749263884,0.79020000,2673.00000000,0.7923
1749263884,0.79010000,1372.00000000,0.7923
1749263884,0.79000000,1249.00000000,0.7923
1749263884,0.78990000,260.00000000,0.7923
1749263884,0.78980000,374.00000000,0.7923
1749263884,0.78970000,247.00000000,0.7923
1749263884,0.78960000,2746.00000000,0.7923
1749263884,0.78950000,514.00000000,0.7923
1749263884,0.78940000,247.00000000,0.7923
1749263884,0.78930000,254.00000000,0.7923
1749263884,0.78920000,4783.00000000,0.7923
1749263884,0.78890000,180.00000000,0.7923
1749263884,0.78880000,105.00000000,0.7923
1749263884,0.78870000,385.00000000,0.7923
1749263884,0.78840000,270.00000000,0.7923
1749263884,0.78830000,13.00000000,0.7923
1749263884,0.78820000,1060.00000000,0.7923
1749263884,0.78800000,358.00000000,0.7923
1749263884,0.78790000,127.00000000,0.7923
1749263884,0.78780000,127.00000000,0.7923
1749263884,0.78730000,127.00000000,0.7923
1749263884,0.78710000,675.00000000,0.7923
1749263884,0.78700000,127.00000000,0.7923
1749263884,0.78690000,134.00000000,0.7923
1749263884,0.78680000,1544.00000000,0.7923
1749263884,0.78650000,1070.00000000,0.7923
1749263884,0.78640000,126.00000000,0.7923
1749263884,0.78630000,126.00000000,0.7923
1749263884,0.78620000,998.00000000,0.7923
1749263884,0.78610000,670.00000000,0.7923
1749263884,0.78600000,724.00000000,0.7923
1749263884,0.78590000,1685.00000000,0.7923
1749263884,0.78570000,20.00000000,0.7923
1749263884,0.78540000,683.00000000,0.7923
1749263884,0.78530000,691.00000000,0.7923
1749263884,0.78520000,382.00000000,0.7923
1749263884,0.78470000,1346.00000000,0.7923
1749263884,0.78450000,1596.00000000,0.7923
1749263884,0.78440000,7.00000000,0.7923
1749263884,0.78400000,150.00000000,0.7923
1749263884,0.78390000,910.00000000,0.7923
1749263884,0.78370000,77.00000000,0.7923
1749263884,0.78360000,33.00000000,0.7923
1749263884,0.78350000,74.00000000,0.7923
1749263884,0.78340000,238.00000000,0.7923
1749263884,0.78290000,15.00000000,0.7923
1749263884,0.78270000,7.00000000,0.7923
1749263884,0.78250000,26.00000000,0.7923
1749263884,0.78240000,1243.00000000,0.7923
1749263884,0.78220000,164.00000000,0.7923
1749263884,0.78210000,84.00000000,0.7923
1749263884,0.78190000,845.00000000,0.7923
1749263884,0.78130000,847.00000000,0.7923
1749263884,0.78120000,137.00000000,0.7923
1749263884,0.78110000,150.00000000,0.7923
1749263884,0.78090000,668.00000000,0.7923
1749263884,0.78070000,26.00000000,0.7923
1749263884,0.78030000,314.00000000,0.7923
1749263884,0.78020000,14697.00000000,0.7923
1749263884,0.78010000,239.00000000,0.7923
1749263884,0.78000000,1556.00000000,0.7923
1749263884,0.77980000,14.00000000,0.7923
1749263884,0.77970000,69.00000000,0.7923
1749263884,0.77940000,24.00000000,0.7923
1749263884,0.77930000,9.00000000,0.7923
1749263884,0.77920000,11.00000000,0.7923
1749263884,0.77880000,7.00000000,0.7923
1749263884,0.77870000,239.00000000,0.7923
1749263884,0.77850000,8.00000000,0.7923
1749263884,0.77820000,151.00000000,0.7923
1749263884,0.77750000,13.00000000,0.7923
1749263884,0.77730000,84.00000000,0.7923
1749263884,0.77720000,10.00000000,0.7923
1749263884,0.77700000,402.00000000,0.7923
1749263884,0.77680000,7.00000000,0.7923
1749263884,0.77670000,73.00000000,0.7923
1749263884,0.77630000,8.00000000,0.7923
1749263884,0.77620000,1286.00000000,0.7923
1749263884,0.77540000,8.00000000,0.7923
1749263884,0.77520000,158.00000000,0.7923
1749263884,0.77510000,1647.00000000,0.7923
1749264185,0.79130000,32.00000000,0.7915
1749264185,0.79120000,32.00000000,0.7915
1749264185,0.79110000,32.00000000,0.7915
1749264185,0.79100000,982.00000000,0.7915
1749264185,0.79090000,2648.00000000,0.7915
1749264185,0.79080000,741.00000000,0.7915
1749264185,0.79070000,1530.00000000,0.7915
1749264185,0.79060000,728.00000000,0.7915
1749264185,0.79050000,1801.00000000,0.7915
1749264185,0.79040000,1611.00000000,0.7915
1749264185,0.79030000,3433.00000000,0.7915
1749264185,0.79020000,3064.00000000,0.7915
1749264185,0.79010000,1498.00000000,0.7915
1749264185,0.79000000,998.00000000,0.7915
1749264185,0.78990000,1420.00000000,0.7915
1749264185,0.78980000,247.00000000,0.7915
1749264185,0.78970000,500.00000000,0.7915
1749264185,0.78960000,1173.00000000,0.7915
1749264185,0.78950000,374.00000000,0.7915
1749264185,0.78940000,686.00000000,0.7915
1749264185,0.78930000,1463.00000000,0.7915
1749264185,0.78920000,374.00000000,0.7915
1749264185,0.78910000,1347.00000000,0.7915
1749264185,0.78900000,247.00000000,0.7915
1749264185,0.78890000,374.00000000,0.7915
1749264185,0.78880000,1841.00000000,0.7915
1749264185,0.78870000,899.00000000,0.7915
1749264185,0.78860000,841.00000000,0.7915
1749264185,0.78840000,517.00000000,0.7915
1749264185,0.78830000,4080.00000000,0.7915
1749264185,0.78820000,374.00000000,0.7915
1749264185,0.78800000,352.00000000,0.7915
1749264185,0.78790000,374.00000000,0.7915
1749264185,0.78780000,374.00000000,0.7915
1749264185,0.78750000,1437.00000000,0.7915
1749264185,0.78730000,127.00000000,0.7915
1749264185,0.78720000,361.00000000,0.7915
1749264185,0.78700000,783.00000000,0.7915
1749264185,0.78690000,134.00000000,0.7915
1749264185,0.78680000,1544.00000000,0.7915
1749264185,0.78670000,13.00000000,0.7915
1749264185,0.78650000,1070.00000000,0.7915
1749264185,0.78640000,126.00000000,0.7915
1749264185,0.78630000,126.00000000,0.7915
1749264185,0.78620000,998.00000000,0.7915
1749264185,0.78610000,670.00000000,0.7915
1749264185,0.78600000,724.00000000,0.7915
1749264185,0.78590000,1685.00000000,0.7915
1749264185,0.78570000,20.00000000,0.7915
1749264185,0.78540000,862.00000000,0.7915
1749264185,0.78530000,691.00000000,0.7915
1749264185,0.78500000,127.00000000,0.7915
1749264185,0.78490000,677.00000000,0.7915
1749264185,0.78470000,1346.00000000,0.7915
1749264185,0.78460000,127.00000000,0.7915
1749264185,0.78450000,733.00000000,0.7915
1749264185,0.78440000,7.00000000,0.7915
1749264185,0.78430000,1064.00000000,0.7915
1749264185,0.78400000,150.00000000,0.7915
1749264185,0.78370000,77.00000000,0.7915
1749264185,0.78360000,33.00000000,0.7915
1749264185,0.78350000,74.00000000,0.7915
1749264185,0.78340000,238.00000000,0.7915
1749264185,0.78290000,15.00000000,0.7915
1749264185,0.78270000,7.00000000,0.7915
1749264185,0.78250000,26.00000000,0.7915
1749264185,0.78240000,1243.00000000,0.7915
1749264185,0.78220000,164.00000000,0.7915
1749264185,0.78210000,927.00000000,0.7915
1749264185,0.78190000,922.00000000,0.7915
1749264185,0.78130000,847.00000000,0.7915
1749264185,0.78120000,137.00000000,0.7915
1749264185,0.78110000,150.00000000,0.7915
1749264185,0.78090000,668.00000000,0.7915
1749264185,0.78070000,26.00000000,0.7915
1749264185,0.78030000,314.00000000,0.7915
1749264185,0.78000000,1556.00000000,0.7915
1749264185,0.77980000,14719.00000000,0.7915
1749264185,0.77970000,69.00000000,0.7915
1749264185,0.77940000,24.00000000,0.7915
1749264185,0.77930000,9.00000000,0.7915
1749264185,0.77920000,11.00000000,0.7915
1749264185,0.77880000,7.00000000,0.7915
1749264185,0.77850000,8.00000000,0.7915
1749264185,0.77840000,53.00000000,0.7915
1749264185,0.77820000,390.00000000,0.7915
1749264185,0.77750000,13.00000000,0.7915
1749264185,0.77730000,7.00000000,0.7915
1749264185,0.77720000,87.00000000,0.7915
1749264185,0.77700000,402.00000000,0.7915
1749264185,0.77690000,240.00000000,0.7915
1749264185,0.77680000,7.00000000,0.7915
1749264185,0.77670000,73.00000000,0.7915
1749264185,0.77630000,8.00000000,0.7915
1749264185,0.77620000,1286.00000000,0.7915
1749264185,0.77540000,8.00000000,0.7915
1749264185,0.77520000,158.00000000,0.7915
1749264185,0.77510000,1647.00000000,0.7915
1749264185,0.77500000,14.00000000,0.7915
1749264185,0.77450000,29.00000000,0.7915
1749264487,0.79190000,133.00000000,0.7911
1749264487,0.79180000,236.00000000,0.7911
1749264487,0.79170000,32.00000000,0.7911
1749264487,0.79160000,282.00000000,0.7911
1749264487,0.79150000,236.00000000,0.7911
1749264487,0.79140000,32.00000000,0.7911
1749264487,0.79130000,32.00000000,0.7911
1749264487,0.79120000,32.00000000,0.7911
1749264487,0.79110000,32.00000000,0.7911
1749264487,0.79100000,279.00000000,0.7911
1749264487,0.79090000,1029.00000000,0.7911
1749264487,0.79080000,1828.00000000,0.7911
1749264487,0.79070000,286.00000000,0.7911
1749264487,0.79060000,687.00000000,0.7911
1749264487,0.79050000,1508.00000000,0.7911
1749264487,0.79040000,1066.00000000,0.7911
1749264487,0.79030000,2722.00000000,0.7911
1749264487,0.79020000,247.00000000,0.7911
1749264487,0.79010000,1214.00000000,0.7911
1749264487,0.79000000,3023.00000000,0.7911
1749264487,0.78990000,260.00000000,0.7911
1749264487,0.78980000,2636.00000000,0.7911
1749264487,0.78970000,1635.00000000,0.7911
1749264487,0.78960000,352.00000000,0.7911
1749264487,0.78950000,374.00000000,0.7911
1749264487,0.78940000,1708.00000000,0.7911
1749264487,0.78930000,1740.00000000,0.7911
1749264487,0.78920000,247.00000000,0.7911
1749264487,0.78910000,998.00000000,0.7911
1749264487,0.78900000,247.00000000,0.7911
1749264487,0.78890000,374.00000000,0.7911
1749264487,0.78880000,1750.00000000,0.7911
1749264487,0.78870000,4706.00000000,0.7911
1749264487,0.78860000,1503.00000000,0.7911
1749264487,0.78840000,247.00000000,0.7911
1749264487,0.78830000,13.00000000,0.7911
1749264487,0.78820000,374.00000000,0.7911
1749264487,0.78800000,611.00000000,0.7911
1749264487,0.78790000,374.00000000,0.7911
1749264487,0.78780000,127.00000000,0.7911
1749264487,0.78750000,537.00000000,0.7911
1749264487,0.78730000,127.00000000,0.7911
1749264487,0.78720000,270.00000000,0.7911
1749264487,0.78700000,783.00000000,0.7911
1749264487,0.78690000,134.00000000,0.7911
1749264487,0.78670000,13.00000000,0.7911
1749264487,0.78650000,1070.00000000,0.7911
1749264487,0.78640000,126.00000000,0.7911
1749264487,0.78630000,126.00000000,0.7911
1749264487,0.78620000,998.00000000,0.7911
1749264487,0.78600000,7.00000000,0.7911
1749264487,0.78580000,127.00000000,0.7911
1749264487,0.78570000,1566.00000000,0.7911
1749264487,0.78540000,862.00000000,0.7911
1749264487,0.78490000,677.00000000,0.7911
1749264487,0.78480000,382.00000000,0.7911
1749264487,0.78450000,31.00000000,0.7911
1749264487,0.78440000,7.00000000,0.7911
1749264487,0.78430000,684.00000000,0.7911
1749264487,0.78410000,672.00000000,0.7911
1749264487,0.78400000,869.00000000,0.7911
1749264487,0.78390000,1690.00000000,0.7911
1749264487,0.78370000,77.00000000,0.7911
1749264487,0.78360000,33.00000000,0.7911
1749264487,0.78350000,74.00000000,0.7911
1749264487,0.78330000,693.00000000,0.7911
1749264487,0.78290000,15.00000000,0.7911
1749264487,0.78270000,688.00000000,0.7911
1749264487,0.78260000,669.00000000,0.7911
1749264487,0.78250000,26.00000000,0.7911
1749264487,0.78240000,1243.00000000,0.7911
1749264487,0.78210000,927.00000000,0.7911
1749264487,0.78190000,845.00000000,0.7911
1749264487,0.78180000,238.00000000,0.7911
1749264487,0.78170000,704.00000000,0.7911
1749264487,0.78140000,77.00000000,0.7911
1749264487,0.78130000,847.00000000,0.7911
1749264487,0.78120000,137.00000000,0.7911
1749264487,0.78110000,150.00000000,0.7911
1749264487,0.78090000,668.00000000,0.7911
1749264487,0.78070000,190.00000000,0.7911
1749264487,0.78040000,14694.00000000,0.7911
1749264487,0.78030000,234.00000000,0.7911
1749264487,0.78000000,1556.00000000,0.7911
1749264487,0.77980000,14.00000000,0.7911
1749264487,0.77970000,69.00000000,0.7911
1749264487,0.77940000,24.00000000,0.7911
1749264487,0.77930000,9.00000000,0.7911
1749264487,0.77920000,11.00000000,0.7911
1749264487,0.77880000,7.00000000,0.7911
1749264487,0.77850000,8.00000000,0.7911
1749264487,0.77840000,133.00000000,0.7911
1749264487,0.77820000,151.00000000,0.7911
1749264487,0.77790000,240.00000000,0.7911
1749264487,0.77750000,13.00000000,0.7911
1749264487,0.77730000,7.00000000,0.7911
1749264487,0.77720000,10.00000000,0.7911
1749264487,0.77700000,402.00000000,0.7911
1749264487,0.77690000,240.00000000,0.7911
1749264487,0.77680000,7.00000000,0.7911
1749264789,0.79220000,152.00000000,0.7925
1749264789,0.79210000,39.00000000,0.7925
1749264789,0.79200000,32.00000000,0.7925
1749264789,0.79190000,32.00000000,0.7925
1749264789,0.79180000,236.00000000,0.7925
1749264789,0.79170000,32.00000000,0.7925
1749264789,0.79160000,857.00000000,0.7925
1749264789,0.79150000,1922.00000000,0.7925
1749264789,0.79140000,1432.00000000,0.7925
1749264789,0.79130000,529.00000000,0.7925
1749264789,0.79120000,2426.00000000,0.7925
1749264789,0.79110000,5484.00000000,0.7925
1749264789,0.79100000,493.00000000,0.7925
1749264789,0.79090000,772.00000000,0.7925
1749264789,0.79080000,2424.00000000,0.7925
1749264789,0.79070000,3703.00000000,0.7925
1749264789,0.79050000,705.00000000,0.7925
1749264789,0.79040000,1966.00000000,0.7925
1749264789,0.79030000,2096.00000000,0.7925
1749264789,0.79020000,1612.00000000,0.7925
1749264789,0.79010000,1403.00000000,0.7925
1749264789,0.79000000,2750.00000000,0.7925
1749264789,0.78990000,260.00000000,0.7925
1749264789,0.78980000,374.00000000,0.7925
1749264789,0.78970000,833.00000000,0.7925
1749264789,0.78960000,946.00000000,0.7925
1749264789,0.78950000,374.00000000,0.7925
1749264789,0.78940000,1541.00000000,0.7925
1749264789,0.78930000,254.00000000,0.7925
1749264789,0.78920000,247.00000000,0.7925
1749264789,0.78910000,374.00000000,0.7925
1749264789,0.78900000,247.00000000,0.7925
1749264789,0.78890000,385.00000000,0.7925
1749264789,0.78880000,1503.00000000,0.7925
1749264789,0.78870000,673.00000000,0.7925
1749264789,0.78840000,270.00000000,0.7925
1749264789,0.78830000,13.00000000,0.7925
1749264789,0.78820000,127.00000000,0.7925
1749264789,0.78800000,389.00000000,0.7925
1749264789,0.78790000,127.00000000,0.7925
1749264789,0.78780000,127.00000000,0.7925
1749264789,0.78730000,127.00000000,0.7925
1749264789,0.78700000,783.00000000,0.7925
1749264789,0.78690000,1203.00000000,0.7925
1749264789,0.78670000,13.00000000,0.7925
1749264789,0.78640000,126.00000000,0.7925
1749264789,0.78630000,126.00000000,0.7925
1749264789,0.78620000,998.00000000,0.7925
1749264789,0.78610000,670.00000000,0.7925
1749264789,0.78600000,724.00000000,0.7925
1749264789,0.78570000,1566.00000000,0.7925
1749264789,0.78540000,862.00000000,0.7925
1749264789,0.78520000,383.00000000,0.7925
1749264789,0.78490000,677.00000000,0.7925
1749264789,0.78480000,679.00000000,0.7925
1749264789,0.78470000,667.00000000,0.7925
1749264789,0.78450000,31.00000000,0.7925
1749264789,0.78440000,7.00000000,0.7925
1749264789,0.78430000,684.00000000,0.7925
1749264789,0.78400000,150.00000000,0.7925
1749264789,0.78390000,1690.00000000,0.7925
1749264789,0.78370000,779.00000000,0.7925
1749264789,0.78360000,33.00000000,0.7925
1749264789,0.78350000,74.00000000,0.7925
1749264789,0.78340000,238.00000000,0.7925
1749264789,0.78330000,693.00000000,0.7925
1749264789,0.78290000,15.00000000,0.7925
1749264789,0.78270000,7.00000000,0.7925
1749264789,0.78250000,26.00000000,0.7925
1749264789,0.78240000,1243.00000000,0.7925
1749264789,0.78230000,164.00000000,0.7925
1749264789,0.78210000,1004.00000000,0.7925
1749264789,0.78190000,845.00000000,0.7925
1749264789,0.78130000,847.00000000,0.7925
1749264789,0.78120000,137.00000000,0.7925
1749264789,0.78110000,150.00000000,0.7925
1749264789,0.78090000,668.00000000,0.7925
1749264789,0.78070000,26.00000000,0.7925
1749264789,0.78040000,14694.00000000,0.7925
1749264789,0.78030000,234.00000000,0.7925
1749264789,0.78000000,1556.00000000,0.7925
1749264789,0.77980000,14.00000000,0.7925
1749264789,0.77970000,69.00000000,0.7925
1749264789,0.77940000,24.00000000,0.7925
1749264789,0.77930000,9.00000000,0.7925
1749264789,0.77920000,11.00000000,0.7925
1749264789,0.77880000,7.00000000,0.7925
1749264789,0.77850000,8.00000000,0.7925
1749264789,0.77840000,133.00000000,0.7925
1749264789,0.77820000,151.00000000,0.7925
1749264789,0.77790000,240.00000000,0.7925
1749264789,0.77750000,13.00000000,0.7925
1749264789,0.77730000,84.00000000,0.7925
1749264789,0.77720000,10.00000000,0.7925
1749264789,0.77700000,402.00000000,0.7925
1749264789,0.77690000,240.00000000,0.7925
1749264789,0.77680000,7.00000000,0.7925
1749264789,0.77670000,73.00000000,0.7925
1749264789,0.77630000,8.00000000,0.7925
1749264789,0.77540000,8.00000000,0.7925
1749265090,0.79170000,1278.00000000,0.7922
1749265090,0.79160000,4261.00000000,0.7922
1749265090,0.79150000,211.00000000,0.7922
1749265090,0.79140000,250.00000000,0.7922
1749265090,0.79130000,731.00000000,0.7922
1749265090,0.79120000,2458.00000000,0.7922
1749265090,0.79110000,2023.00000000,0.7922
1749265090,0.79100000,1874.00000000,0.7922
1749265090,0.79090000,1472.00000000,0.7922
1749265090,0.79080000,247.00000000,0.7922
1749265090,0.79070000,1540.00000000,0.7922
1749265090,0.79060000,4536.00000000,0.7922
1749265090,0.79050000,3218.00000000,0.7922
1749265090,0.79040000,679.00000000,0.7922
1749265090,0.79030000,1841.00000000,0.7922
1749265090,0.79020000,3511.00000000,0.7922
1749265090,0.79010000,1566.00000000,0.7922
1749265090,0.79000000,1563.00000000,0.7922
1749265090,0.78990000,260.00000000,0.7922
1749265090,0.78980000,374.00000000,0.7922
1749265090,0.78970000,514.00000000,0.7922
1749265090,0.78960000,1722.00000000,0.7922
1749265090,0.78950000,374.00000000,0.7922
1749265090,0.78930000,7.00000000,0.7922
1749265090,0.78910000,374.00000000,0.7922
1749265090,0.78890000,632.00000000,0.7922
1749265090,0.78880000,1750.00000000,0.7922
1749265090,0.78870000,653.00000000,0.7922
1749265090,0.78840000,1172.00000000,0.7922
1749265090,0.78830000,13.00000000,0.7922
1749265090,0.78820000,1355.00000000,0.7922
1749265090,0.78810000,916.00000000,0.7922
1749265090,0.78800000,1079.00000000,0.7922
1749265090,0.78790000,127.00000000,0.7922
1749265090,0.78780000,127.00000000,0.7922
1749265090,0.78770000,1542.00000000,0.7922
1749265090,0.78730000,127.00000000,0.7922
1749265090,0.78700000,127.00000000,0.7922
1749265090,0.78690000,1879.00000000,0.7922
1749265090,0.78680000,677.00000000,0.7922
1749265090,0.78670000,678.00000000,0.7922
1749265090,0.78640000,126.00000000,0.7922
1749265090,0.78630000,682.00000000,0.7922
1749265090,0.78620000,14.00000000,0.7922
1749265090,0.78600000,7.00000000,0.7922
1749265090,0.78590000,1685.00000000,0.7922
1749265090,0.78580000,127.00000000,0.7922
1749265090,0.78570000,721.00000000,0.7922
1749265090,0.78540000,1099.00000000,0.7922
1749265090,0.78530000,691.00000000,0.7922
1749265090,0.78480000,382.00000000,0.7922
1749265090,0.78450000,31.00000000,0.7922
1749265090,0.78440000,7.00000000,0.7922
1749265090,0.78400000,150.00000000,0.7922
1749265090,0.78370000,77.00000000,0.7922
1749265090,0.78360000,33.00000000,0.7922
1749265090,0.78350000,74.00000000,0.7922
1749265090,0.78290000,569.00000000,0.7922
1749265090,0.78270000,7.00000000,0.7922
1749265090,0.78250000,26.00000000,0.7922
1749265090,0.78240000,2089.00000000,0.7922
1749265090,0.78210000,1004.00000000,0.7922
1749265090,0.78190000,1009.00000000,0.7922
1749265090,0.78120000,137.00000000,0.7922
1749265090,0.78110000,150.00000000,0.7922
1749265090,0.78090000,352.00000000,0.7922
1749265090,0.78070000,26.00000000,0.7922
1749265090,0.78050000,53.00000000,0.7922
1749265090,0.78040000,14694.00000000,0.7922
1749265090,0.78030000,234.00000000,0.7922
1749265090,0.78000000,1556.00000000,0.7922
1749265090,0.77980000,14.00000000,0.7922
1749265090,0.77970000,69.00000000,0.7922
1749265090,0.77940000,24.00000000,0.7922
1749265090,0.77930000,9.00000000,0.7922
1749265090,0.77920000,11.00000000,0.7922
1749265090,0.77880000,7.00000000,0.7922
1749265090,0.77860000,239.00000000,0.7922
1749265090,0.77850000,8.00000000,0.7922
1749265090,0.77840000,80.00000000,0.7922
1749265090,0.77820000,151.00000000,0.7922
1749265090,0.77750000,13.00000000,0.7922
1749265090,0.77730000,84.00000000,0.7922
1749265090,0.77720000,10.00000000,0.7922
1749265090,0.77700000,402.00000000,0.7922
1749265090,0.77680000,7.00000000,0.7922
1749265090,0.77670000,73.00000000,0.7922
1749265090,0.77630000,8.00000000,0.7922
1749265090,0.77540000,8.00000000,0.7922
1749265090,0.77520000,158.00000000,0.7922
1749265090,0.77510000,1647.00000000,0.7922
1749265090,0.77500000,14.00000000,0.7922
1749265090,0.77450000,29.00000000,0.7922
1749265090,0.77440000,8.00000000,0.7922
1749265090,0.77430000,24.00000000,0.7922
1749265090,0.77420000,1289.00000000,0.7922
1749265090,0.77400000,286.00000000,0.7922
1749265090,0.77370000,12.00000000,0.7922
1749265090,0.77360000,14.00000000,0.7922
1749265090,0.77330000,19.00000000,0.7922
1749265395,0.79230000,243.00000000,0.7921
1749265395,0.79220000,325.00000000,0.7921
1749265395,0.79210000,1226.00000000,0.7921
1749265395,0.79190000,1006.00000000,0.7921
1749265395,0.79180000,3193.00000000,0.7921
1749265395,0.79170000,2558.00000000,0.7921
1749265395,0.79160000,32.00000000,0.7921
1749265395,0.79150000,279.00000000,0.7921
1749265395,0.79140000,279.00000000,0.7921
1749265395,0.79130000,532.00000000,0.7921
1749265395,0.79120000,1616.00000000,0.7921
1749265395,0.79110000,3337.00000000,0.7921
1749265395,0.79100000,1995.00000000,0.7921
1749265395,0.79090000,2094.00000000,0.7921
1749265395,0.79080000,1586.00000000,0.7921
1749265395,0.79070000,689.00000000,0.7921
1749265395,0.79060000,1913.00000000,0.7921
1749265395,0.79050000,1921.00000000,0.7921
1749265395,0.79040000,1577.00000000,0.7921
1749265395,0.79030000,374.00000000,0.7921
1749265395,0.79020000,1086.00000000,0.7921
1749265395,0.79010000,870.00000000,0.7921
1749265395,0.79000000,464.00000000,0.7921
1749265395,0.78990000,1167.00000000,0.7921
1749265395,0.78980000,1274.00000000,0.7921
1749265395,0.78970000,514.00000000,0.7921
1749265395,0.78960000,841.00000000,0.7921
1749265395,0.78950000,1796.00000000,0.7921
1749265395,0.78940000,247.00000000,0.7921
1749265395,0.78930000,4069.00000000,0.7921
1749265395,0.78920000,247.00000000,0.7921
1749265395,0.78910000,374.00000000,0.7921
1749265395,0.78890000,632.00000000,0.7921
1749265395,0.78880000,1645.00000000,0.7921
1749265395,0.78870000,653.00000000,0.7921
1749265395,0.78840000,925.00000000,0.7921
1749265395,0.78830000,1555.00000000,0.7921
1749265395,0.78820000,1108.00000000,0.7921
1749265395,0.78810000,669.00000000,0.7921
1749265395,0.78800000,1081.00000000,0.7921
1749265395,0.78790000,127.00000000,0.7921
1749265395,0.78780000,127.00000000,0.7921
1749265395,0.78730000,127.00000000,0.7921
1749265395,0.78700000,127.00000000,0.7921
1749265395,0.78690000,1879.00000000,0.7921
1749265395,0.78680000,677.00000000,0.7921
1749265395,0.78670000,678.00000000,0.7921
1749265395,0.78640000,126.00000000,0.7921
1749265395,0.78630000,682.00000000,0.7921
1749265395,0.78620000,14.00000000,0.7921
1749265395,0.78600000,7.00000000,0.7921
1749265395,0.78590000,1685.00000000,0.7921
1749265395,0.78570000,721.00000000,0.7921
1749265395,0.78540000,1245.00000000,0.7921
1749265395,0.78530000,691.00000000,0.7921
1749265395,0.78450000,31.00000000,0.7921
1749265395,0.78440000,7.00000000,0.7921
1749265395,0.78400000,150.00000000,0.7921
1749265395,0.78370000,77.00000000,0.7921
1749265395,0.78360000,33.00000000,0.7921
1749265395,0.78350000,74.00000000,0.7921
1749265395,0.78330000,238.00000000,0.7921
1749265395,0.78290000,569.00000000,0.7921
1749265395,0.78270000,7.00000000,0.7921
1749265395,0.78250000,26.00000000,0.7921
1749265395,0.78240000,2089.00000000,0.7921
1749265395,0.78210000,1004.00000000,0.7921
1749265395,0.78190000,1009.00000000,0.7921
1749265395,0.78120000,137.00000000,0.7921
1749265395,0.78110000,150.00000000,0.7921
1749265395,0.78090000,352.00000000,0.7921
1749265395,0.78070000,26.00000000,0.7921
1749265395,0.78040000,14694.00000000,0.7921
1749265395,0.78030000,234.00000000,0.7921
1749265395,0.78020000,53.00000000,0.7921
1749265395,0.78000000,1556.00000000,0.7921
1749265395,0.77980000,14.00000000,0.7921
1749265395,0.77970000,69.00000000,0.7921
1749265395,0.77940000,24.00000000,0.7921
1749265395,0.77930000,9.00000000,0.7921
1749265395,0.77920000,11.00000000,0.7921
1749265395,0.77880000,7.00000000,0.7921
1749265395,0.77860000,239.00000000,0.7921
1749265395,0.77850000,8.00000000,0.7921
1749265395,0.77840000,80.00000000,0.7921
1749265395,0.77820000,151.00000000,0.7921
1749265395,0.77750000,13.00000000,0.7921
1749265395,0.77730000,84.00000000,0.7921
1749265395,0.77720000,10.00000000,0.7921
1749265395,0.77700000,402.00000000,0.7921
1749265395,0.77680000,7.00000000,0.7921
1749265395,0.77670000,73.00000000,0.7921
1749265395,0.77630000,8.00000000,0.7921
1749265395,0.77600000,20.00000000,0.7921
1749265395,0.77540000,8.00000000,0.7921
1749265395,0.77520000,158.00000000,0.7921
1749265395,0.77510000,2934.00000000,0.7921
1749265395,0.77500000,14.00000000,0.7921
1749265395,0.77450000,29.00000000,0.7921
1749265395,0.77440000,8.00000000,0.7921
1749265702,0.79230000,32.00000000,0.7926
1749265702,0.79220000,32.00000000,0.7926
1749265702,0.79210000,243.00000000,0.7926
1749265702,0.79200000,32.00000000,0.7926
1749265702,0.79190000,32.00000000,0.7926
1749265702,0.79180000,282.00000000,0.7926
1749265702,0.79170000,595.00000000,0.7926
1749265702,0.79160000,647.00000000,0.7926
1749265702,0.79150000,2015.00000000,0.7926
1749265702,0.79140000,2089.00000000,0.7926
1749265702,0.79130000,2371.00000000,0.7926
1749265702,0.79120000,2199.00000000,0.7926
1749265702,0.79110000,3134.00000000,0.7926
1749265702,0.79100000,2569.00000000,0.7926
1749265702,0.79090000,2285.00000000,0.7926
1749265702,0.79070000,247.00000000,0.7926
1749265702,0.79060000,1050.00000000,0.7926
1749265702,0.79050000,247.00000000,0.7926
1749265702,0.79040000,1252.00000000,0.7926
1749265702,0.79030000,1235.00000000,0.7926
1749265702,0.79010000,247.00000000,0.7926
1749265702,0.79000000,4432.00000000,0.7926
1749265702,0.78990000,1933.00000000,0.7926
1749265702,0.78980000,643.00000000,0.7926
1749265702,0.78970000,247.00000000,0.7926
1749265702,0.78960000,352.00000000,0.7926
1749265702,0.78950000,632.00000000,0.7926
1749265702,0.78930000,7.00000000,0.7926
1749265702,0.78920000,2461.00000000,0.7926
1749265702,0.78910000,374.00000000,0.7926
1749265702,0.78890000,374.00000000,0.7926
1749265702,0.78880000,2038.00000000,0.7926
1749265702,0.78870000,374.00000000,0.7926
1749265702,0.78840000,1582.00000000,0.7926
1749265702,0.78830000,994.00000000,0.7926
1749265702,0.78820000,127.00000000,0.7926
1749265702,0.78810000,1737.00000000,0.7926
1749265702,0.78800000,715.00000000,0.7926
1749265702,0.78790000,127.00000000,0.7926
1749265702,0.78780000,127.00000000,0.7926
1749265702,0.78730000,816.00000000,0.7926
1749265702,0.78700000,126.00000000,0.7926
1749265702,0.78690000,7.00000000,0.7926
1749265702,0.78680000,677.00000000,0.7926
1749265702,0.78670000,665.00000000,0.7926
1749265702,0.78640000,860.00000000,0.7926
1749265702,0.78620000,14.00000000,0.7926
1749265702,0.78600000,7.00000000,0.7926
1749265702,0.78590000,1685.00000000,0.7926
1749265702,0.78570000,721.00000000,0.7926
1749265702,0.78550000,383.00000000,0.7926
1749265702,0.78500000,237.00000000,0.7926
1749265702,0.78450000,31.00000000,0.7926
1749265702,0.78440000,7.00000000,0.7926
1749265702,0.78400000,150.00000000,0.7926
1749265702,0.78390000,1752.00000000,0.7926
1749265702,0.78370000,77.00000000,0.7926
1749265702,0.78360000,33.00000000,0.7926
1749265702,0.78350000,238.00000000,0.7926
1749265702,0.78290000,569.00000000,0.7926
1749265702,0.78270000,7.00000000,0.7926
1749265702,0.78250000,26.00000000,0.7926
1749265702,0.78240000,2089.00000000,0.7926
1749265702,0.78210000,84.00000000,0.7926
1749265702,0.78120000,137.00000000,0.7926
1749265702,0.78110000,150.00000000,0.7926
1749265702,0.78090000,352.00000000,0.7926
1749265702,0.78070000,26.00000000,0.7926
1749265702,0.78040000,14694.00000000,0.7926
1749265702,0.78030000,234.00000000,0.7926
1749265702,0.78000000,1556.00000000,0.7926
1749265702,0.77980000,14.00000000,0.7926
1749265702,0.77970000,69.00000000,0.7926
1749265702,0.77940000,24.00000000,0.7926
1749265702,0.77930000,9.00000000,0.7926
1749265702,0.77920000,11.00000000,0.7926
1749265702,0.77880000,7.00000000,0.7926
1749265702,0.77860000,239.00000000,0.7926
1749265702,0.77850000,8.00000000,0.7926
1749265702,0.77840000,80.00000000,0.7926
1749265702,0.77820000,151.00000000,0.7926
1749265702,0.77750000,13.00000000,0.7926
1749265702,0.77730000,84.00000000,0.7926
1749265702,0.77720000,10.00000000,0.7926
1749265702,0.77700000,402.00000000,0.7926
1749265702,0.77680000,7.00000000,0.7926
1749265702,0.77670000,73.00000000,0.7926
1749265702,0.77630000,8.00000000,0.7926
1749265702,0.77600000,20.00000000,0.7926
1749265702,0.77540000,8.00000000,0.7926
1749265702,0.77520000,211.00000000,0.7926
1749265702,0.77510000,2934.00000000,0.7926
1749265702,0.77500000,14.00000000,0.7926
1749265702,0.77450000,29.00000000,0.7926
1749265702,0.77440000,8.00000000,0.7926
1749265702,0.77430000,24.00000000,0.7926
1749265702,0.77400000,286.00000000,0.7926
1749265702,0.77370000,12.00000000,0.7926
1749265702,0.77360000,14.00000000,0.7926
1749265702,0.77330000,19.00000000,0.7926
1749266003,0.79380000,211.00000000,0.7935
1749266003,0.79370000,32.00000000,0.7935
1749266003,0.79360000,209.00000000,0.7935
1749266003,0.79350000,282.00000000,0.7935
1749266003,0.79340000,242.00000000,0.7935
1749266003,0.79330000,32.00000000,0.7935
1749266003,0.79320000,32.00000000,0.7935
1749266003,0.79310000,279.00000000,0.7935
1749266003,0.79300000,503.00000000,0.7935
1749266003,0.79290000,650.00000000,0.7935
1749266003,0.79280000,1386.00000000,0.7935
1749266003,0.79270000,1272.00000000,0.7935
1749266003,0.79260000,1546.00000000,0.7935
1749266003,0.79250000,861.00000000,0.7935
1749266003,0.79240000,2425.00000000,0.7935
1749266003,0.79230000,405.00000000,0.7935
1749266003,0.79220000,801.00000000,0.7935
1749266003,0.79210000,2914.00000000,0.7935
1749266003,0.79200000,1475.00000000,0.7935
1749266003,0.79190000,716.00000000,0.7935
1749266003,0.79180000,3764.00000000,0.7935
1749266003,0.79170000,1402.00000000,0.7935
1749266003,0.79160000,636.00000000,0.7935
1749266003,0.79150000,845.00000000,0.7935
1749266003,0.79130000,247.00000000,0.7935
1749266003,0.79120000,4782.00000000,0.7935
1749266003,0.79110000,840.00000000,0.7935
1749266003,0.79100000,1147.00000000,0.7935
1749266003,0.79070000,247.00000000,0.7935
1749266003,0.79060000,373.00000000,0.7935
1749266003,0.79050000,247.00000000,0.7935
1749266003,0.79040000,504.00000000,0.7935
1749266003,0.79030000,643.00000000,0.7935
1749266003,0.79020000,667.00000000,0.7935
1749266003,0.79000000,841.00000000,0.7935
1749266003,0.78990000,1686.00000000,0.7935
1749266003,0.78980000,127.00000000,0.7935
1749266003,0.78960000,1020.00000000,0.7935
1749266003,0.78950000,127.00000000,0.7935
1749266003,0.78930000,7.00000000,0.7935
1749266003,0.78920000,2214.00000000,0.7935
1749266003,0.78910000,6406.00000000,0.7935
1749266003,0.78890000,127.00000000,0.7935
1749266003,0.78880000,2738.00000000,0.7935
1749266003,0.78870000,127.00000000,0.7935
1749266003,0.78840000,680.00000000,0.7935
1749266003,0.78830000,994.00000000,0.7935
1749266003,0.78820000,127.00000000,0.7935
1749266003,0.78810000,1068.00000000,0.7935
1749266003,0.78790000,127.00000000,0.7935
1749266003,0.78770000,699.00000000,0.7935
1749266003,0.78730000,689.00000000,0.7935
1749266003,0.78690000,7.00000000,0.7935
1749266003,0.78680000,386.00000000,0.7935
1749266003,0.78620000,14.00000000,0.7935
1749266003,0.78610000,861.00000000,0.7935
1749266003,0.78600000,7.00000000,0.7935
1749266003,0.78590000,1685.00000000,0.7935
1749266003,0.78570000,20.00000000,0.7935
1749266003,0.78530000,552.00000000,0.7935
1749266003,0.78500000,237.00000000,0.7935
1749266003,0.78450000,31.00000000,0.7935
1749266003,0.78440000,7.00000000,0.7935
1749266003,0.78400000,150.00000000,0.7935
1749266003,0.78390000,1752.00000000,0.7935
1749266003,0.78370000,77.00000000,0.7935
1749266003,0.78360000,33.00000000,0.7935
1749266003,0.78350000,238.00000000,0.7935
1749266003,0.78300000,238.00000000,0.7935
1749266003,0.78290000,15.00000000,0.7935
1749266003,0.78270000,7.00000000,0.7935
1749266003,0.78250000,14680.00000000,0.7935
1749266003,0.78240000,2089.00000000,0.7935
1749266003,0.78210000,84.00000000,0.7935
1749266003,0.78140000,58.00000000,0.7935
1749266003,0.78120000,137.00000000,0.7935
1749266003,0.78110000,150.00000000,0.7935
1749266003,0.78090000,113.00000000,0.7935
1749266003,0.78070000,26.00000000,0.7935
1749266003,0.78030000,234.00000000,0.7935
1749266003,0.78020000,239.00000000,0.7935
1749266003,0.78000000,1556.00000000,0.7935
1749266003,0.77980000,14.00000000,0.7935
1749266003,0.77970000,69.00000000,0.7935
1749266003,0.77940000,24.00000000,0.7935
1749266003,0.77930000,9.00000000,0.7935
1749266003,0.77920000,11.00000000,0.7935
1749266003,0.77880000,7.00000000,0.7935
1749266003,0.77850000,8.00000000,0.7935
1749266003,0.77840000,80.00000000,0.7935
1749266003,0.77820000,151.00000000,0.7935
1749266003,0.77750000,13.00000000,0.7935
1749266003,0.77730000,84.00000000,0.7935
1749266003,0.77720000,10.00000000,0.7935
1749266003,0.77700000,402.00000000,0.7935
1749266003,0.77680000,27.00000000,0.7935
1749266003,0.77670000,73.00000000,0.7935
1749266003,0.77630000,8.00000000,0.7935
1749266003,0.77540000,8.00000000,0.7935
1749266003,0.77520000,171.00000000,0.7935
1749266305,0.79360000,32.00000000,0.7937
1749266305,0.79350000,32.00000000,0.7937
1749266305,0.79340000,32.00000000,0.7937
1749266305,0.79330000,243.00000000,0.7937
1749266305,0.79320000,32.00000000,0.7937
1749266305,0.79310000,32.00000000,0.7937
1749266305,0.79300000,871.00000000,0.7937
1749266305,0.79290000,2798.00000000,0.7937
1749266305,0.79280000,500.00000000,0.7937
1749266305,0.79270000,845.00000000,0.7937
1749266305,0.79260000,515.00000000,0.7937
1749266305,0.79250000,704.00000000,0.7937
1749266305,0.79240000,2391.00000000,0.7937
1749266305,0.79230000,3219.00000000,0.7937
1749266305,0.79220000,1601.00000000,0.7937
1749266305,0.79210000,560.00000000,0.7937
1749266305,0.79200000,1130.00000000,0.7937
1749266305,0.79190000,995.00000000,0.7937
1749266305,0.79180000,339.00000000,0.7937
1749266305,0.79170000,2359.00000000,0.7937
1749266305,0.79160000,4821.00000000,0.7937
1749266305,0.79150000,4353.00000000,0.7937
1749266305,0.79140000,4297.00000000,0.7937
1749266305,0.79130000,247.00000000,0.7937
1749266305,0.79120000,1149.00000000,0.7937
1749266305,0.79110000,651.00000000,0.7937
1749266305,0.79070000,247.00000000,0.7937
1749266305,0.79060000,373.00000000,0.7937
1749266305,0.79050000,247.00000000,0.7937
1749266305,0.79040000,530.00000000,0.7937
1749266305,0.79030000,643.00000000,0.7937
1749266305,0.79020000,914.00000000,0.7937
1749266305,0.79000000,1088.00000000,0.7937
1749266305,0.78990000,1408.00000000,0.7937
1749266305,0.78980000,1193.00000000,0.7937
1749266305,0.78960000,1122.00000000,0.7937
1749266305,0.78950000,127.00000000,0.7937
1749266305,0.78940000,980.00000000,0.7937
1749266305,0.78930000,695.00000000,0.7937
1749266305,0.78910000,127.00000000,0.7937
1749266305,0.78890000,127.00000000,0.7937
1749266305,0.78880000,2738.00000000,0.7937
1749266305,0.78870000,127.00000000,0.7937
1749266305,0.78840000,680.00000000,0.7937
1749266305,0.78830000,13.00000000,0.7937
1749266305,0.78770000,699.00000000,0.7937
1749266305,0.78760000,1682.00000000,0.7937
1749266305,0.78690000,7.00000000,0.7937
1749266305,0.78670000,385.00000000,0.7937
1749266305,0.78660000,237.00000000,0.7937
1749266305,0.78620000,14.00000000,0.7937
1749266305,0.78610000,861.00000000,0.7937
1749266305,0.78600000,7.00000000,0.7937
1749266305,0.78570000,20.00000000,0.7937
1749266305,0.78530000,552.00000000,0.7937
1749266305,0.78510000,163.00000000,0.7937
1749266305,0.78450000,31.00000000,0.7937
1749266305,0.78440000,7.00000000,0.7937
1749266305,0.78400000,150.00000000,0.7937
1749266305,0.78390000,1752.00000000,0.7937
1749266305,0.78370000,77.00000000,0.7937
1749266305,0.78360000,33.00000000,0.7937
1749266305,0.78350000,74.00000000,0.7937
1749266305,0.78290000,15.00000000,0.7937
1749266305,0.78270000,7.00000000,0.7937
1749266305,0.78250000,264.00000000,0.7937
1749266305,0.78240000,2089.00000000,0.7937
1749266305,0.78210000,84.00000000,0.7937
1749266305,0.78140000,58.00000000,0.7937
1749266305,0.78130000,14677.00000000,0.7937
1749266305,0.78120000,137.00000000,0.7937
1749266305,0.78110000,150.00000000,0.7937
1749266305,0.78090000,113.00000000,0.7937
1749266305,0.78070000,26.00000000,0.7937
1749266305,0.78030000,234.00000000,0.7937
1749266305,0.78020000,239.00000000,0.7937
1749266305,0.78000000,1556.00000000,0.7937
1749266305,0.77980000,14.00000000,0.7937
1749266305,0.77970000,69.00000000,0.7937
1749266305,0.77940000,24.00000000,0.7937
1749266305,0.77930000,9.00000000,0.7937
1749266305,0.77920000,11.00000000,0.7937
1749266305,0.77880000,7.00000000,0.7937
1749266305,0.77850000,8.00000000,0.7937
1749266305,0.77840000,80.00000000,0.7937
1749266305,0.77820000,151.00000000,0.7937
1749266305,0.77750000,13.00000000,0.7937
1749266305,0.77730000,84.00000000,0.7937
1749266305,0.77720000,10.00000000,0.7937
1749266305,0.77700000,402.00000000,0.7937
1749266305,0.77680000,27.00000000,0.7937
1749266305,0.77670000,73.00000000,0.7937
1749266305,0.77630000,8.00000000,0.7937
1749266305,0.77540000,8.00000000,0.7937
1749266305,0.77520000,171.00000000,0.7937
1749266305,0.77510000,2934.00000000,0.7937
1749266305,0.77500000,14.00000000,0.7937
1749266305,0.77450000,29.00000000,0.7937
1749266305,0.77440000,8.00000000,0.7937
1749266305,0.77430000,24.00000000,0.7937
1749266611,0.79330000,32.00000000,0.7936
1749266611,0.79320000,243.00000000,0.7936
1749266611,0.79310000,32.00000000,0.7936
1749266611,0.79300000,1579.00000000,0.7936
1749266611,0.79290000,2798.00000000,0.7936
1749266611,0.79270000,983.00000000,0.7936
1749266611,0.79260000,2063.00000000,0.7936
1749266611,0.79250000,1263.00000000,0.7936
1749266611,0.79240000,279.00000000,0.7936
1749266611,0.79230000,537.00000000,0.7936
1749266611,0.79220000,1240.00000000,0.7936
1749266611,0.79210000,1263.00000000,0.7936
1749266611,0.79200000,1033.00000000,0.7936
1749266611,0.79190000,2621.00000000,0.7936
1749266611,0.79180000,1719.00000000,0.7936
1749266611,0.79170000,1196.00000000,0.7936
1749266611,0.79160000,373.00000000,0.7936
1749266611,0.79150000,260.00000000,0.7936
1749266611,0.79140000,832.00000000,0.7936
1749266611,0.79130000,247.00000000,0.7936
1749266611,0.79120000,568.00000000,0.7936
1749266611,0.79110000,2439.00000000,0.7936
1749266611,0.79090000,1147.00000000,0.7936
1749266611,0.79080000,4300.00000000,0.7936
1749266611,0.79070000,514.00000000,0.7936
1749266611,0.79060000,435.00000000,0.7936
1749266611,0.79050000,841.00000000,0.7936
1749266611,0.79040000,530.00000000,0.7936
1749266611,0.79030000,643.00000000,0.7936
1749266611,0.79000000,127.00000000,0.7936
1749266611,0.78990000,2592.00000000,0.7936
1749266611,0.78980000,1193.00000000,0.7936
1749266611,0.78960000,1123.00000000,0.7936
1749266611,0.78950000,1666.00000000,0.7936
1749266611,0.78940000,980.00000000,0.7936
1749266611,0.78930000,7.00000000,0.7936
1749266611,0.78920000,674.00000000,0.7936
1749266611,0.78910000,127.00000000,0.7936
1749266611,0.78890000,127.00000000,0.7936
1749266611,0.78880000,1398.00000000,0.7936
1749266611,0.78870000,127.00000000,0.7936
1749266611,0.78840000,680.00000000,0.7936
1749266611,0.78830000,139.00000000,0.7936
1749266611,0.78820000,668.00000000,0.7936
1749266611,0.78810000,126.00000000,0.7936
1749266611,0.78800000,715.00000000,0.7936
1749266611,0.78760000,1682.00000000,0.7936
1749266611,0.78730000,689.00000000,0.7936
1749266611,0.78690000,7.00000000,0.7936
1749266611,0.78680000,1342.00000000,0.7936
1749266611,0.78640000,384.00000000,0.7936
1749266611,0.78620000,14.00000000,0.7936
1749266611,0.78610000,861.00000000,0.7936
1749266611,0.78600000,7.00000000,0.7936
1749266611,0.78570000,721.00000000,0.7936
1749266611,0.78530000,552.00000000,0.7936
1749266611,0.78510000,163.00000000,0.7936
1749266611,0.78490000,237.00000000,0.7936
1749266611,0.78450000,31.00000000,0.7936
1749266611,0.78440000,7.00000000,0.7936
1749266611,0.78400000,150.00000000,0.7936
1749266611,0.78390000,1752.00000000,0.7936
1749266611,0.78370000,77.00000000,0.7936
1749266611,0.78360000,33.00000000,0.7936
1749266611,0.78350000,74.00000000,0.7936
1749266611,0.78290000,15.00000000,0.7936
1749266611,0.78270000,7.00000000,0.7936
1749266611,0.78250000,264.00000000,0.7936
1749266611,0.78240000,2089.00000000,0.7936
1749266611,0.78210000,84.00000000,0.7936
1749266611,0.78150000,14673.00000000,0.7936
1749266611,0.78140000,180.00000000,0.7936
1749266611,0.78120000,137.00000000,0.7936
1749266611,0.78110000,150.00000000,0.7936
1749266611,0.78090000,113.00000000,0.7936
1749266611,0.78070000,26.00000000,0.7936
1749266611,0.78030000,234.00000000,0.7936
1749266611,0.78020000,239.00000000,0.7936
1749266611,0.78000000,1556.00000000,0.7936
1749266611,0.77980000,14.00000000,0.7936
1749266611,0.77970000,69.00000000,0.7936
1749266611,0.77940000,24.00000000,0.7936
1749266611,0.77930000,9.00000000,0.7936
1749266611,0.77920000,11.00000000,0.7936
1749266611,0.77880000,7.00000000,0.7936
1749266611,0.77850000,8.00000000,0.7936
1749266611,0.77840000,80.00000000,0.7936
1749266611,0.77820000,151.00000000,0.7936
1749266611,0.77750000,13.00000000,0.7936
1749266611,0.77730000,84.00000000,0.7936
1749266611,0.77720000,10.00000000,0.7936
1749266611,0.77700000,402.00000000,0.7936
1749266611,0.77680000,7.00000000,0.7936
1749266611,0.77670000,1358.00000000,0.7936
1749266611,0.77630000,8.00000000,0.7936
1749266611,0.77540000,8.00000000,0.7936
1749266611,0.77520000,7.00000000,0.7936
1749266611,0.77510000,1647.00000000,0.7936
1749266611,0.77500000,14.00000000,0.7936
1749266611,0.77450000,29.00000000,0.7936
1749266912,0.79420000,250.00000000,0.7939
1749266912,0.79410000,211.00000000,0.7939
1749266912,0.79400000,32.00000000,0.7939
1749266912,0.79390000,721.00000000,0.7939
1749266912,0.79380000,5033.00000000,0.7939
1749266912,0.79370000,3686.00000000,0.7939
1749266912,0.79360000,2559.00000000,0.7939
1749266912,0.79350000,286.00000000,0.7939
1749266912,0.79340000,2566.00000000,0.7939
1749266912,0.79330000,279.00000000,0.7939
1749266912,0.79320000,534.00000000,0.7939
1749266912,0.79310000,849.00000000,0.7939
1749266912,0.79300000,279.00000000,0.7939
1749266912,0.79290000,279.00000000,0.7939
1749266912,0.79280000,273.00000000,0.7939
1749266912,0.79270000,764.00000000,0.7939
1749266912,0.79260000,1722.00000000,0.7939
1749266912,0.79250000,279.00000000,0.7939
1749266912,0.79240000,405.00000000,0.7939
1749266912,0.79230000,247.00000000,0.7939
1749266912,0.79220000,831.00000000,0.7939
1749266912,0.79210000,995.00000000,0.7939
1749266912,0.79200000,351.00000000,0.7939
1749266912,0.79190000,247.00000000,0.7939
1749266912,0.79180000,463.00000000,0.7939
1749266912,0.79170000,254.00000000,0.7939
1749266912,0.79160000,373.00000000,0.7939
1749266912,0.79150000,1160.00000000,0.7939
1749266912,0.79140000,4297.00000000,0.7939
1749266912,0.79130000,841.00000000,0.7939
1749266912,0.79120000,477.00000000,0.7939
1749266912,0.79110000,1817.00000000,0.7939
1749266912,0.79100000,905.00000000,0.7939
1749266912,0.79080000,247.00000000,0.7939
1749266912,0.79070000,267.00000000,0.7939
1749266912,0.79060000,126.00000000,0.7939
1749266912,0.79040000,619.00000000,0.7939
1749266912,0.79030000,396.00000000,0.7939
1749266912,0.79020000,667.00000000,0.7939
1749266912,0.79000000,127.00000000,0.7939
1749266912,0.78990000,1686.00000000,0.7939
1749266912,0.78980000,1193.00000000,0.7939
1749266912,0.78960000,655.00000000,0.7939
1749266912,0.78950000,1666.00000000,0.7939
1749266912,0.78940000,980.00000000,0.7939
1749266912,0.78930000,7.00000000,0.7939
1749266912,0.78920000,674.00000000,0.7939
1749266912,0.78910000,127.00000000,0.7939
1749266912,0.78890000,791.00000000,0.7939
1749266912,0.78880000,2074.00000000,0.7939
1749266912,0.78870000,127.00000000,0.7939
1749266912,0.78840000,680.00000000,0.7939
1749266912,0.78830000,13.00000000,0.7939
1749266912,0.78800000,715.00000000,0.7939
1749266912,0.78770000,699.00000000,0.7939
1749266912,0.78760000,1682.00000000,0.7939
1749266912,0.78730000,1075.00000000,0.7939
1749266912,0.78690000,7.00000000,0.7939
1749266912,0.78620000,14.00000000,0.7939
1749266912,0.78610000,861.00000000,0.7939
1749266912,0.78600000,7.00000000,0.7939
1749266912,0.78570000,20.00000000,0.7939
1749266912,0.78530000,552.00000000,0.7939
1749266912,0.78510000,163.00000000,0.7939
1749266912,0.78490000,237.00000000,0.7939
1749266912,0.78450000,31.00000000,0.7939
1749266912,0.78440000,7.00000000,0.7939
1749266912,0.78400000,150.00000000,0.7939
1749266912,0.78390000,1752.00000000,0.7939
1749266912,0.78370000,77.00000000,0.7939
1749266912,0.78360000,33.00000000,0.7939
1749266912,0.78350000,74.00000000,0.7939
1749266912,0.78290000,15.00000000,0.7939
1749266912,0.78280000,14649.00000000,0.7939
1749266912,0.78270000,110.00000000,0.7939
1749266912,0.78250000,344.00000000,0.7939
1749266912,0.78240000,2089.00000000,0.7939
1749266912,0.78230000,62.00000000,0.7939
1749266912,0.78210000,84.00000000,0.7939
1749266912,0.78140000,180.00000000,0.7939
1749266912,0.78120000,137.00000000,0.7939
1749266912,0.78110000,150.00000000,0.7939
1749266912,0.78090000,113.00000000,0.7939
1749266912,0.78070000,26.00000000,0.7939
1749266912,0.78030000,234.00000000,0.7939
1749266912,0.78020000,239.00000000,0.7939
1749266912,0.78000000,1556.00000000,0.7939
1749266912,0.77980000,14.00000000,0.7939
1749266912,0.77970000,69.00000000,0.7939
1749266912,0.77940000,24.00000000,0.7939
1749266912,0.77930000,9.00000000,0.7939
1749266912,0.77920000,11.00000000,0.7939
1749266912,0.77880000,7.00000000,0.7939
1749266912,0.77850000,8.00000000,0.7939
1749266912,0.77820000,151.00000000,0.7939
1749266912,0.77750000,13.00000000,0.7939
1749266912,0.77730000,84.00000000,0.7939
1749266912,0.77720000,10.00000000,0.7939
1749266912,0.77700000,402.00000000,0.7939
1749266912,0.77680000,7.00000000,0.7939
1749267214,0.79330000,32.00000000,0.7937
1749267214,0.79320000,32.00000000,0.7937
1749267214,0.79310000,32.00000000,0.7937
1749267214,0.79300000,1117.00000000,0.7937
1749267214,0.79290000,3443.00000000,0.7937
1749267214,0.79280000,2731.00000000,0.7937
1749267214,0.79270000,247.00000000,0.7937
1749267214,0.79260000,538.00000000,0.7937
1749267214,0.79250000,1355.00000000,0.7937
1749267214,0.79240000,1641.00000000,0.7937
1749267214,0.79230000,1111.00000000,0.7937
1749267214,0.79220000,3132.00000000,0.7937
1749267214,0.79200000,712.00000000,0.7937
1749267214,0.79190000,2032.00000000,0.7937
1749267214,0.79180000,1609.00000000,0.7937
1749267214,0.79170000,2396.00000000,0.7937
1749267214,0.79160000,2908.00000000,0.7937
1749267214,0.79150000,260.00000000,0.7937
1749267214,0.79130000,247.00000000,0.7937
1749267214,0.79120000,568.00000000,0.7937
1749267214,0.79110000,373.00000000,0.7937
1749267214,0.79100000,1521.00000000,0.7937
1749267214,0.79090000,900.00000000,0.7937
1749267214,0.79080000,247.00000000,0.7937
1749267214,0.79070000,514.00000000,0.7937
1749267214,0.79060000,4427.00000000,0.7937
1749267214,0.79050000,842.00000000,0.7937
1749267214,0.79040000,530.00000000,0.7937
1749267214,0.79030000,643.00000000,0.7937
1749267214,0.79020000,906.00000000,0.7937
1749267214,0.79010000,247.00000000,0.7937
1749267214,0.79000000,374.00000000,0.7937
1749267214,0.78990000,1933.00000000,0.7937
1749267214,0.78980000,1440.00000000,0.7937
1749267214,0.78960000,1123.00000000,0.7937
1749267214,0.78950000,1666.00000000,0.7937
1749267214,0.78940000,980.00000000,0.7937
1749267214,0.78930000,7.00000000,0.7937
1749267214,0.78920000,674.00000000,0.7937
1749267214,0.78910000,127.00000000,0.7937
1749267214,0.78890000,127.00000000,0.7937
1749267214,0.78880000,1398.00000000,0.7937
1749267214,0.78870000,127.00000000,0.7937
1749267214,0.78840000,680.00000000,0.7937
1749267214,0.78830000,139.00000000,0.7937
1749267214,0.78820000,668.00000000,0.7937
1749267214,0.78800000,715.00000000,0.7937
1749267214,0.78760000,1682.00000000,0.7937
1749267214,0.78740000,126.00000000,0.7937
1749267214,0.78730000,689.00000000,0.7937
1749267214,0.78700000,126.00000000,0.7937
1749267214,0.78690000,672.00000000,0.7937
1749267214,0.78680000,677.00000000,0.7937
1749267214,0.78620000,398.00000000,0.7937
1749267214,0.78610000,861.00000000,0.7937
1749267214,0.78600000,7.00000000,0.7937
1749267214,0.78570000,721.00000000,0.7937
1749267214,0.78530000,552.00000000,0.7937
1749267214,0.78510000,163.00000000,0.7937
1749267214,0.78490000,237.00000000,0.7937
1749267214,0.78450000,31.00000000,0.7937
1749267214,0.78440000,7.00000000,0.7937
1749267214,0.78400000,150.00000000,0.7937
1749267214,0.78390000,1752.00000000,0.7937
1749267214,0.78370000,77.00000000,0.7937
1749267214,0.78360000,33.00000000,0.7937
1749267214,0.78350000,74.00000000,0.7937
1749267214,0.78290000,15.00000000,0.7937
1749267214,0.78270000,110.00000000,0.7937
1749267214,0.78250000,340.00000000,0.7937
1749267214,0.78240000,2089.00000000,0.7937
1749267214,0.78210000,84.00000000,0.7937
1749267214,0.78150000,14673.00000000,0.7937
1749267214,0.78140000,180.00000000,0.7937
1749267214,0.78120000,137.00000000,0.7937
1749267214,0.78110000,150.00000000,0.7937
1749267214,0.78090000,113.00000000,0.7937
1749267214,0.78070000,26.00000000,0.7937
1749267214,0.78030000,234.00000000,0.7937
1749267214,0.78020000,239.00000000,0.7937
1749267214,0.78000000,1556.00000000,0.7937
1749267214,0.77980000,14.00000000,0.7937
1749267214,0.77970000,69.00000000,0.7937
1749267214,0.77940000,24.00000000,0.7937
1749267214,0.77930000,9.00000000,0.7937
1749267214,0.77920000,11.00000000,0.7937
1749267214,0.77880000,7.00000000,0.7937
1749267214,0.77850000,8.00000000,0.7937
1749267214,0.77820000,151.00000000,0.7937
1749267214,0.77750000,13.00000000,0.7937
1749267214,0.77730000,84.00000000,0.7937
1749267214,0.77720000,10.00000000,0.7937
1749267214,0.77700000,402.00000000,0.7937
1749267214,0.77680000,7.00000000,0.7937
1749267214,0.77670000,1358.00000000,0.7937
1749267214,0.77630000,8.00000000,0.7937
1749267214,0.77540000,8.00000000,0.7937
1749267214,0.77520000,7.00000000,0.7937
1749267214,0.77510000,1647.00000000,0.7937
1749267214,0.77500000,14.00000000,0.7937
1749267516,0.79350000,32.00000000,0.7935
1749267516,0.79340000,490.00000000,0.7935
1749267516,0.79330000,529.00000000,0.7935
1749267516,0.79320000,243.00000000,0.7935
1749267516,0.79310000,279.00000000,0.7935
1749267516,0.79300000,286.00000000,0.7935
1749267516,0.79290000,1294.00000000,0.7935
1749267516,0.79280000,2767.00000000,0.7935
1749267516,0.79270000,502.00000000,0.7935
1749267516,0.79260000,1235.00000000,0.7935
1749267516,0.79250000,1279.00000000,0.7935
1749267516,0.79240000,279.00000000,0.7935
1749267516,0.79230000,1667.00000000,0.7935
1749267516,0.79220000,5403.00000000,0.7935
1749267516,0.79210000,1247.00000000,0.7935
1749267516,0.79200000,351.00000000,0.7935
1749267516,0.79190000,803.00000000,0.7935
1749267516,0.79180000,1748.00000000,0.7935
1749267516,0.79170000,254.00000000,0.7935
1749267516,0.79160000,1716.00000000,0.7935
1749267516,0.79150000,260.00000000,0.7935
1749267516,0.79140000,623.00000000,0.7935
1749267516,0.79130000,247.00000000,0.7935
1749267516,0.79120000,568.00000000,0.7935
1749267516,0.79110000,439.00000000,0.7935
1749267516,0.79100000,832.00000000,0.7935
1749267516,0.79090000,6104.00000000,0.7935
1749267516,0.79080000,247.00000000,0.7935
1749267516,0.79070000,514.00000000,0.7935
1749267516,0.79060000,373.00000000,0.7935
1749267516,0.79050000,595.00000000,0.7935
1749267516,0.79040000,283.00000000,0.7935
1749267516,0.79030000,127.00000000,0.7935
1749267516,0.79000000,127.00000000,0.7935
1749267516,0.78990000,291.00000000,0.7935
1749267516,0.78980000,1193.00000000,0.7935
1749267516,0.78960000,1288.00000000,0.7935
1749267516,0.78950000,1666.00000000,0.7935
1749267516,0.78940000,980.00000000,0.7935
1749267516,0.78930000,7.00000000,0.7935
1749267516,0.78920000,674.00000000,0.7935
1749267516,0.78910000,127.00000000,0.7935
1749267516,0.78890000,127.00000000,0.7935
1749267516,0.78870000,127.00000000,0.7935
1749267516,0.78830000,139.00000000,0.7935
1749267516,0.78820000,668.00000000,0.7935
1749267516,0.78800000,715.00000000,0.7935
1749267516,0.78760000,1682.00000000,0.7935
1749267516,0.78740000,126.00000000,0.7935
1749267516,0.78730000,689.00000000,0.7935
1749267516,0.78690000,672.00000000,0.7935
1749267516,0.78680000,677.00000000,0.7935
1749267516,0.78660000,385.00000000,0.7935
1749267516,0.78640000,682.00000000,0.7935
1749267516,0.78620000,14.00000000,0.7935
1749267516,0.78610000,861.00000000,0.7935
1749267516,0.78600000,7.00000000,0.7935
1749267516,0.78570000,721.00000000,0.7935
1749267516,0.78530000,552.00000000,0.7935
1749267516,0.78490000,237.00000000,0.7935
1749267516,0.78460000,164.00000000,0.7935
1749267516,0.78450000,31.00000000,0.7935
1749267516,0.78440000,7.00000000,0.7935
1749267516,0.78400000,150.00000000,0.7935
1749267516,0.78390000,1752.00000000,0.7935
1749267516,0.78370000,77.00000000,0.7935
1749267516,0.78360000,33.00000000,0.7935
1749267516,0.78350000,74.00000000,0.7935
1749267516,0.78290000,15.00000000,0.7935
1749267516,0.78270000,110.00000000,0.7935
1749267516,0.78250000,340.00000000,0.7935
1749267516,0.78240000,2089.00000000,0.7935
1749267516,0.78210000,84.00000000,0.7935
1749267516,0.78170000,14669.00000000,0.7935
1749267516,0.78160000,180.00000000,0.7935
1749267516,0.78120000,137.00000000,0.7935
1749267516,0.78110000,150.00000000,0.7935
1749267516,0.78090000,113.00000000,0.7935
1749267516,0.78070000,26.00000000,0.7935
1749267516,0.78030000,234.00000000,0.7935
1749267516,0.78020000,239.00000000,0.7935
1749267516,0.78000000,1556.00000000,0.7935
1749267516,0.77980000,14.00000000,0.7935
1749267516,0.77970000,69.00000000,0.7935
1749267516,0.77940000,24.00000000,0.7935
1749267516,0.77930000,9.00000000,0.7935
1749267516,0.77920000,11.00000000,0.7935
1749267516,0.77880000,7.00000000,0.7935
1749267516,0.77850000,8.00000000,0.7935
1749267516,0.77820000,151.00000000,0.7935
1749267516,0.77750000,13.00000000,0.7935
1749267516,0.77730000,84.00000000,0.7935
1749267516,0.77720000,10.00000000,0.7935
1749267516,0.77700000,402.00000000,0.7935
1749267516,0.77680000,7.00000000,0.7935
1749267516,0.77670000,1358.00000000,0.7935
1749267516,0.77630000,8.00000000,0.7935
1749267516,0.77540000,8.00000000,0.7935
1749267516,0.77520000,7.00000000,0.7935
1749267516,0.77510000,1647.00000000,0.7935
1749267817,0.79360000,32.00000000,0.7935
1749267817,0.79350000,32.00000000,0.7935
1749267817,0.79340000,487.00000000,0.7935
1749267817,0.79330000,529.00000000,0.7935
1749267817,0.79320000,484.00000000,0.7935
1749267817,0.79310000,266.00000000,0.7935
1749267817,0.79300000,279.00000000,0.7935
1749267817,0.79290000,279.00000000,0.7935
1749267817,0.79280000,604.00000000,0.7935
1749267817,0.79270000,1651.00000000,0.7935
1749267817,0.79260000,1539.00000000,0.7935
1749267817,0.79250000,827.00000000,0.7935
1749267817,0.79240000,706.00000000,0.7935
1749267817,0.79230000,1423.00000000,0.7935
1749267817,0.79220000,500.00000000,0.7935
1749267817,0.79210000,2290.00000000,0.7935
1749267817,0.79200000,3083.00000000,0.7935
1749267817,0.79190000,1624.00000000,0.7935
1749267817,0.79180000,317.00000000,0.7935
1749267817,0.79170000,254.00000000,0.7935
1749267817,0.79160000,832.00000000,0.7935
1749267817,0.79150000,1552.00000000,0.7935
1749267817,0.79140000,870.00000000,0.7935
1749267817,0.79130000,1640.00000000,0.7935
1749267817,0.79120000,569.00000000,0.7935
1749267817,0.79110000,968.00000000,0.7935
1749267817,0.79100000,247.00000000,0.7935
1749267817,0.79090000,1147.00000000,0.7935
1749267817,0.79080000,4053.00000000,0.7935
1749267817,0.79070000,514.00000000,0.7935
1749267817,0.79060000,126.00000000,0.7935
1749267817,0.79040000,105.00000000,0.7935
1749267817,0.79030000,127.00000000,0.7935
1749267817,0.79020000,258.00000000,0.7935
1749267817,0.79000000,405.00000000,0.7935
1749267817,0.78990000,282.00000000,0.7935
1749267817,0.78980000,1193.00000000,0.7935
1749267817,0.78960000,2558.00000000,0.7935
1749267817,0.78950000,127.00000000,0.7935
1749267817,0.78940000,980.00000000,0.7935
1749267817,0.78930000,7.00000000,0.7935
1749267817,0.78920000,674.00000000,0.7935
1749267817,0.78910000,127.00000000,0.7935
1749267817,0.78890000,127.00000000,0.7935
1749267817,0.78870000,127.00000000,0.7935
