timestamp,price,volume,current_price
1749260668,6.00400000,849.00000000,6.005
1749260668,6.00300000,855.33000000,6.005
1749260668,6.00200000,4045.57000000,6.005
1749260668,6.00100000,10441.85000000,6.005
1749260668,6.00000000,6165.33000000,6.005
1749260668,5.99900000,4557.38000000,6.005
1749260668,5.99800000,1011.67000000,6.005
1749260668,5.99700000,3044.42000000,6.005
1749260668,5.99600000,2849.54000000,6.005
1749260668,5.99500000,5621.88000000,6.005
1749260668,5.99400000,4598.88000000,6.005
1749260668,5.99300000,2140.09000000,6.005
1749260668,5.99200000,1793.98000000,6.005
1749260668,5.99100000,590.61000000,6.005
1749260668,5.99000000,1332.02000000,6.005
1749260668,5.98900000,736.97000000,6.005
1749260668,5.98800000,415.58000000,6.005
1749260668,5.98700000,6105.91000000,6.005
1749260668,5.98600000,306.75000000,6.005
1749260668,5.98500000,556.24000000,6.005
1749260668,5.98400000,567.98000000,6.005
1749260668,5.98300000,482.04000000,6.005
1749260668,5.98200000,395.81000000,6.005
1749260668,5.98100000,887.72000000,6.005
1749260668,5.98000000,601.97000000,6.005
1749260668,5.97900000,566.58000000,6.005
1749260668,5.97800000,383.94000000,6.005
1749260668,5.97700000,306.49000000,6.005
1749260668,5.97600000,254.24000000,6.005
1749260668,5.97500000,802.05000000,6.005
1749260668,5.97400000,278.76000000,6.005
1749260668,5.97300000,758.58000000,6.005
1749260668,5.97200000,308.11000000,6.005
1749260668,5.97100000,2648.63000000,6.005
1749260668,5.97000000,393.68000000,6.005
1749260668,5.96900000,341.64000000,6.005
1749260668,5.96800000,315.61000000,6.005
1749260668,5.96700000,373.46000000,6.005
1749260668,5.96600000,351.25000000,6.005
1749260668,5.96500000,343.42000000,6.005
1749260668,5.96400000,1862.98000000,6.005
1749260668,5.96300000,330.91000000,6.005
1749260668,5.96200000,129.02000000,6.005
1749260668,5.96100000,2267.83000000,6.005
1749260668,5.96000000,1001.37000000,6.005
1749260668,5.95900000,143.71000000,6.005
1749260668,5.95800000,840.75000000,6.005
1749260668,5.95700000,2416.85000000,6.005
1749260668,5.95600000,1.66000000,6.005
1749260668,5.95500000,139.95000000,6.005
1749260668,5.95400000,209.94000000,6.005
1749260668,5.95300000,1.66000000,6.005
1749260668,5.95200000,3.34000000,6.005
1749260668,5.95100000,383.48000000,6.005
1749260668,5.95000000,419.46000000,6.005
1749260668,5.94900000,1668.99000000,6.005
1749260668,5.94800000,2444.90000000,6.005
1749260668,5.94700000,160.93000000,6.005
1749260668,5.94600000,1.67000000,6.005
1749260668,5.94500000,193.01000000,6.005
1749260668,5.94400000,22.93000000,6.005
1749260668,5.94300000,15.49000000,6.005
1749260668,5.94200000,1735.35000000,6.005
1749260668,5.94100000,9.17000000,6.005
1749260668,5.94000000,319.55000000,6.005
1749260668,5.93900000,543.39000000,6.005
1749260668,5.93800000,2.64000000,6.005
1749260668,5.93700000,5.36000000,6.005
1749260668,5.93600000,170.12000000,6.005
1749260668,5.93500000,1140.54000000,6.005
1749260668,5.93400000,1699.28000000,6.005
1749260668,5.93300000,3501.38000000,6.005
1749260668,5.93200000,2.85000000,6.005
1749260668,5.93100000,191.83000000,6.005
1749260668,5.93000000,578.53000000,6.005
1749260668,5.92900000,5.39000000,6.005
1749260668,5.92800000,435.89000000,6.005
1749260668,5.92700000,511.01000000,6.005
1749260668,5.92600000,16.87000000,6.005
1749260668,5.92500000,217.75000000,6.005
1749260668,5.92400000,0.90000000,6.005
1749260668,5.92200000,254.71000000,6.005
1749260668,5.92100000,4.61000000,6.005
1749260668,5.92000000,923.61000000,6.005
1749260668,5.91900000,12.93000000,6.005
1749260668,5.91800000,376.59000000,6.005
1749260668,5.91600000,1033.88000000,6.005
1749260668,5.91500000,2354.59000000,6.005
1749260668,5.91400000,143.81000000,6.005
1749260668,5.91300000,2.92000000,6.005
1749260668,5.91200000,16.88000000,6.005
1749260668,5.91100000,1002.99000000,6.005
1749260668,5.91000000,56.14000000,6.005
1749260668,5.90900000,4.58000000,6.005
1749260668,5.90800000,796.21000000,6.005
1749260668,5.90700000,894.30000000,6.005
1749260668,5.90600000,287.17000000,6.005
1749260668,5.90500000,1004.36000000,6.005
1749260668,5.90400000,48.67000000,6.005
1749260668,5.90300000,1.29000000,6.005
1749260970,6.00800000,778.59000000,6.008
1749260970,6.00700000,1056.87000000,6.008
1749260970,6.00600000,1773.44000000,6.008
1749260970,6.00500000,1910.24000000,6.008
1749260970,6.00400000,3367.85000000,6.008
1749260970,6.00300000,3872.52000000,6.008
1749260970,6.00200000,4429.71000000,6.008
1749260970,6.00100000,5946.35000000,6.008
1749260970,6.00000000,1723.32000000,6.008
1749260970,5.99900000,2605.39000000,6.008
1749260970,5.99800000,4222.03000000,6.008
1749260970,5.99700000,3364.84000000,6.008
1749260970,5.99600000,2951.83000000,6.008
1749260970,5.99500000,1375.77000000,6.008
1749260970,5.99400000,2247.54000000,6.008
1749260970,5.99300000,1379.69000000,6.008
1749260970,5.99200000,1450.61000000,6.008
1749260970,5.99100000,6176.31000000,6.008
1749260970,5.99000000,505.85000000,6.008
1749260970,5.98900000,495.42000000,6.008
1749260970,5.98800000,480.55000000,6.008
1749260970,5.98700000,512.40000000,6.008
1749260970,5.98600000,306.75000000,6.008
1749260970,5.98500000,556.24000000,6.008
1749260970,5.98400000,478.64000000,6.008
1749260970,5.98300000,482.04000000,6.008
1749260970,5.98200000,295.89000000,6.008
1749260970,5.98100000,788.59000000,6.008
1749260970,5.98000000,466.02000000,6.008
1749260970,5.97900000,433.46000000,6.008
1749260970,5.97800000,217.41000000,6.008
1749260970,5.97700000,328.76000000,6.008
1749260970,5.97600000,272.69000000,6.008
1749260970,5.97500000,819.18000000,6.008
1749260970,5.97400000,295.91000000,6.008
1749260970,5.97300000,319.95000000,6.008
1749260970,5.97200000,325.06000000,6.008
1749260970,5.97100000,2665.58000000,6.008
1749260970,5.97000000,409.16000000,6.008
1749260970,5.96900000,425.39000000,6.008
1749260970,5.96800000,323.14000000,6.008
1749260970,5.96700000,373.63000000,6.008
1749260970,5.96600000,32.65000000,6.008
1749260970,5.96500000,84.19000000,6.008
1749260970,5.96400000,86.52000000,6.008
1749260970,5.96300000,1199.55000000,6.008
1749260970,5.96200000,1669.12000000,6.008
1749260970,5.96100000,507.95000000,6.008
1749260970,5.96000000,4655.77000000,6.008
1749260970,5.95900000,143.71000000,6.008
1749260970,5.95800000,23.38000000,6.008
1749260970,5.95700000,8.06000000,6.008
1749260970,5.95600000,2480.38000000,6.008
1749260970,5.95500000,237.63000000,6.008
1749260970,5.95400000,209.94000000,6.008
1749260970,5.95300000,24.95000000,6.008
1749260970,5.95200000,3.34000000,6.008
1749260970,5.95100000,2.91000000,6.008
1749260970,5.95000000,419.46000000,6.008
1749260970,5.94900000,4.59000000,6.008
1749260970,5.94800000,1660.97000000,6.008
1749260970,5.94700000,2699.49000000,6.008
1749260970,5.94600000,1.67000000,6.008
1749260970,5.94500000,200.47000000,6.008
1749260970,5.94400000,11.74000000,6.008
1749260970,5.94300000,15.49000000,6.008
1749260970,5.94200000,574.22000000,6.008
1749260970,5.94100000,259.12000000,6.008
1749260970,5.94000000,69.55000000,6.008
1749260970,5.93900000,543.39000000,6.008
1749260970,5.93800000,2.64000000,6.008
1749260970,5.93700000,5.36000000,6.008
1749260970,5.93600000,170.12000000,6.008
1749260970,5.93500000,1157.35000000,6.008
1749260970,5.93400000,49.11000000,6.008
1749260970,5.93300000,1786.62000000,6.008
1749260970,5.93200000,3268.42000000,6.008
1749260970,5.93100000,190.16000000,6.008
1749260970,5.93000000,10.42000000,6.008
1749260970,5.92900000,3.72000000,6.008
1749260970,5.92800000,435.89000000,6.008
1749260970,5.92700000,494.17000000,6.008
1749260970,5.92600000,16.87000000,6.008
1749260970,5.92500000,234.59000000,6.008
1749260970,5.92400000,0.90000000,6.008
1749260970,5.92300000,21.90000000,6.008
1749260970,5.92200000,3.96000000,6.008
1749260970,5.92100000,4.61000000,6.008
1749260970,5.92000000,923.61000000,6.008
1749260970,5.91900000,12.93000000,6.008
1749260970,5.91800000,883.53000000,6.008
1749260970,5.91700000,507.03000000,6.008
1749260970,5.91600000,19.64000000,6.008
1749260970,5.91500000,678.47000000,6.008
1749260970,5.91400000,1772.90000000,6.008
1749260970,5.91300000,19.80000000,6.008
1749260970,5.91200000,16.88000000,6.008
1749260970,5.91100000,2738.62000000,6.008
1749260970,5.91000000,550.75000000,6.008
1749260970,5.90900000,4.58000000,6.008
1749261271,5.99900000,427.47000000,6.0
1749261271,5.99800000,547.46000000,6.0
1749261271,5.99700000,1821.75000000,6.0
1749261271,5.99600000,3740.20000000,6.0
1749261271,5.99500000,3833.16000000,6.0
1749261271,5.99400000,6256.28000000,6.0
1749261271,5.99300000,5727.31000000,6.0
1749261271,5.99200000,4216.26000000,6.0
1749261271,5.99100000,4141.09000000,6.0
1749261271,5.99000000,4181.78000000,6.0
1749261271,5.98900000,1937.66000000,6.0
1749261271,5.98800000,957.52000000,6.0
1749261271,5.98700000,967.03000000,6.0
1749261271,5.98600000,947.55000000,6.0
1749261271,5.98500000,678.29000000,6.0
1749261271,5.98400000,6087.92000000,6.0
1749261271,5.98300000,482.04000000,6.0
1749261271,5.98200000,395.81000000,6.0
1749261271,5.98100000,321.66000000,6.0
1749261271,5.98000000,570.02000000,6.0
1749261271,5.97900000,532.46000000,6.0
1749261271,5.97800000,316.41000000,6.0
1749261271,5.97700000,427.76000000,6.0
1749261271,5.97600000,371.69000000,6.0
1749261271,5.97500000,918.18000000,6.0
1749261271,5.97400000,961.49000000,6.0
1749261271,5.97300000,418.95000000,6.0
1749261271,5.97200000,325.06000000,6.0
1749261271,5.97100000,2665.58000000,6.0
1749261271,5.97000000,409.16000000,6.0
1749261271,5.96900000,349.01000000,6.0
1749261271,5.96800000,323.14000000,6.0
1749261271,5.96700000,373.63000000,6.0
1749261271,5.96600000,268.76000000,6.0
1749261271,5.96500000,320.30000000,6.0
1749261271,5.96400000,322.71000000,6.0
1749261271,5.96300000,484.28000000,6.0
1749261271,5.96200000,1905.35000000,6.0
1749261271,5.96100000,744.26000000,6.0
1749261271,5.96000000,4893.05000000,6.0
1749261271,5.95900000,462.71000000,6.0
1749261271,5.95800000,342.42000000,6.0
1749261271,5.95700000,825.57000000,6.0
1749261271,5.95600000,2429.37000000,6.0
1749261271,5.95500000,139.95000000,6.0
1749261271,5.95400000,209.94000000,6.0
1749261271,5.95300000,1.66000000,6.0
1749261271,5.95200000,238.55000000,6.0
1749261271,5.95100000,2.91000000,6.0
1749261271,5.95000000,419.46000000,6.0
1749261271,5.94900000,4.59000000,6.0
1749261271,5.94800000,1660.97000000,6.0
1749261271,5.94700000,2699.49000000,6.0
1749261271,5.94600000,1.67000000,6.0
1749261271,5.94500000,171.37000000,6.0
1749261271,5.94400000,33.38000000,6.0
1749261271,5.94300000,165.13000000,6.0
1749261271,5.94200000,611.53000000,6.0
1749261271,5.94100000,9.17000000,6.0
1749261271,5.94000000,69.55000000,6.0
1749261271,5.93900000,543.39000000,6.0
1749261271,5.93800000,2.64000000,6.0
1749261271,5.93700000,5.36000000,6.0
1749261271,5.93600000,170.12000000,6.0
1749261271,5.93500000,1140.54000000,6.0
1749261271,5.93400000,49.11000000,6.0
1749261271,5.93300000,1786.62000000,6.0
1749261271,5.93200000,3270.09000000,6.0
1749261271,5.93100000,208.66000000,6.0
1749261271,5.93000000,12.09000000,6.0
1749261271,5.92900000,5.39000000,6.0
1749261271,5.92800000,471.22000000,6.0
1749261271,5.92700000,495.84000000,6.0
1749261271,5.92600000,18.54000000,6.0
1749261271,5.92500000,202.58000000,6.0
1749261271,5.92400000,2.57000000,6.0
1749261271,5.92300000,250.71000000,6.0
1749261271,5.92200000,3.96000000,6.0
1749261271,5.92100000,4.61000000,6.0
1749261271,5.92000000,923.61000000,6.0
1749261271,5.91900000,12.93000000,6.0
1749261271,5.91800000,376.59000000,6.0
1749261271,5.91700000,507.03000000,6.0
1749261271,5.91600000,58.44000000,6.0
1749261271,5.91500000,678.47000000,6.0
1749261271,5.91400000,1772.90000000,6.0
1749261271,5.91300000,2.92000000,6.0
1749261271,5.91200000,2176.69000000,6.0
1749261271,5.91100000,2738.62000000,6.0
1749261271,5.91000000,43.17000000,6.0
1749261271,5.90900000,4.58000000,6.0
1749261271,5.90800000,288.46000000,6.0
1749261271,5.90700000,894.30000000,6.0
1749261271,5.90600000,287.17000000,6.0
1749261271,5.90500000,1004.36000000,6.0
1749261271,5.90400000,556.77000000,6.0
1749261271,5.90300000,1.29000000,6.0
1749261271,5.90200000,1035.86000000,6.0
1749261271,5.90100000,444.35000000,6.0
1749261271,5.90000000,6962.40000000,6.0
1749261573,6.00400000,690.76000000,6.005
1749261573,6.00300000,1412.79000000,6.005
1749261573,6.00200000,2110.70000000,6.005
1749261573,6.00100000,3005.72000000,6.005
1749261573,6.00000000,4807.92000000,6.005
1749261573,5.99900000,5505.96000000,6.005
1749261573,5.99800000,6603.98000000,6.005
1749261573,5.99700000,3893.53000000,6.005
1749261573,5.99600000,5075.57000000,6.005
1749261573,5.99500000,5323.11000000,6.005
1749261573,5.99400000,2001.18000000,6.005
1749261573,5.99300000,2658.88000000,6.005
1749261573,5.99200000,454.67000000,6.005
1749261573,5.99100000,1218.11000000,6.005
1749261573,5.99000000,3529.57000000,6.005
1749261573,5.98900000,692.82000000,6.005
1749261573,5.98800000,276.89000000,6.005
1749261573,5.98700000,413.71000000,6.005
1749261573,5.98600000,6212.51000000,6.005
1749261573,5.98500000,458.80000000,6.005
1749261573,5.98400000,473.55000000,6.005
1749261573,5.98300000,383.04000000,6.005
1749261573,5.98200000,297.01000000,6.005
1749261573,5.98100000,788.78000000,6.005
1749261573,5.98000000,463.10000000,6.005
1749261573,5.97900000,466.09000000,6.005
1749261573,5.97800000,259.92000000,6.005
1749261573,5.97700000,328.85000000,6.005
1749261573,5.97600000,810.72000000,6.005
1749261573,5.97500000,827.47000000,6.005
1749261573,5.97400000,295.91000000,6.005
1749261573,5.97300000,320.03000000,6.005
1749261573,5.97200000,325.17000000,6.005
1749261573,5.97100000,2665.58000000,6.005
1749261573,5.97000000,409.16000000,6.005
1749261573,5.96900000,349.05000000,6.005
1749261573,5.96800000,323.14000000,6.005
1749261573,5.96700000,373.63000000,6.005
1749261573,5.96600000,268.76000000,6.005
1749261573,5.96500000,320.33000000,6.005
1749261573,5.96400000,240.14000000,6.005
1749261573,5.96300000,465.67000000,6.005
1749261573,5.96200000,1669.12000000,6.005
1749261573,5.96100000,258.81000000,6.005
1749261573,5.96000000,5472.87000000,6.005
1749261573,5.95900000,226.31000000,6.005
1749261573,5.95800000,23.38000000,6.005
1749261573,5.95700000,90.67000000,6.005
1749261573,5.95600000,2429.37000000,6.005
1749261573,5.95500000,139.95000000,6.005
1749261573,5.95400000,209.94000000,6.005
1749261573,5.95300000,1.66000000,6.005
1749261573,5.95200000,238.55000000,6.005
1749261573,5.95100000,2.91000000,6.005
1749261573,5.95000000,419.46000000,6.005
1749261573,5.94900000,4.59000000,6.005
1749261573,5.94800000,1889.19000000,6.005
1749261573,5.94700000,2676.93000000,6.005
1749261573,5.94600000,174.00000000,6.005
1749261573,5.94500000,171.37000000,6.005
1749261573,5.94400000,55.99000000,6.005
1749261573,5.94300000,15.49000000,6.005
1749261573,5.94200000,574.22000000,6.005
1749261573,5.94100000,9.17000000,6.005
1749261573,5.94000000,319.55000000,6.005
1749261573,5.93900000,6.43000000,6.005
1749261573,5.93800000,2.64000000,6.005
1749261573,5.93700000,5.36000000,6.005
1749261573,5.93600000,170.12000000,6.005
1749261573,5.93500000,1005.75000000,6.005
1749261573,5.93400000,49.11000000,6.005
1749261573,5.93300000,1786.62000000,6.005
1749261573,5.93200000,3371.23000000,6.005
1749261573,5.93100000,225.49000000,6.005
1749261573,5.93000000,28.92000000,6.005
1749261573,5.92900000,32.32000000,6.005
1749261573,5.92800000,435.89000000,6.005
1749261573,5.92700000,10.70000000,6.005
1749261573,5.92600000,16.87000000,6.005
1749261573,5.92500000,200.91000000,6.005
1749261573,5.92400000,0.90000000,6.005
1749261573,5.92300000,250.71000000,6.005
1749261573,5.92200000,3.96000000,6.005
1749261573,5.92100000,4.61000000,6.005
1749261573,5.92000000,1457.81000000,6.005
1749261573,5.91900000,34.85000000,6.005
1749261573,5.91800000,900.39000000,6.005
1749261573,5.91700000,507.03000000,6.005
1749261573,5.91600000,19.64000000,6.005
1749261573,5.91500000,678.47000000,6.005
1749261573,5.91400000,1772.90000000,6.005
1749261573,5.91300000,2.92000000,6.005
1749261573,5.91200000,16.88000000,6.005
1749261573,5.91100000,1510.49000000,6.005
1749261573,5.91000000,43.17000000,6.005
1749261573,5.90900000,4.58000000,6.005
1749261573,5.90800000,2134.42000000,6.005
1749261573,5.90700000,2631.10000000,6.005
1749261573,5.90600000,287.17000000,6.005
1749261573,5.90500000,1004.36000000,6.005
1749261879,6.00300000,231.36000000,6.003
1749261879,6.00200000,670.35000000,6.003
1749261879,6.00100000,3636.76000000,6.003
1749261879,6.00000000,2616.64000000,6.003
1749261879,5.99900000,3786.29000000,6.003
1749261879,5.99800000,4428.59000000,6.003
1749261879,5.99700000,5991.16000000,6.003
1749261879,5.99600000,9376.68000000,6.003
1749261879,5.99500000,2949.55000000,6.003
1749261879,5.99400000,3151.30000000,6.003
1749261879,5.99300000,3774.31000000,6.003
1749261879,5.99200000,1537.41000000,6.003
1749261879,5.99100000,2459.89000000,6.003
1749261879,5.99000000,478.25000000,6.003
1749261879,5.98900000,562.22000000,6.003
1749261879,5.98800000,423.61000000,6.003
1749261879,5.98700000,1151.98000000,6.003
1749261879,5.98600000,935.62000000,6.003
1749261879,5.98500000,6312.83000000,6.003
1749261879,5.98400000,2011.92000000,6.003
1749261879,5.98300000,892.77000000,6.003
1749261879,5.98200000,215.72000000,6.003
1749261879,5.98100000,400.18000000,6.003
1749261879,5.98000000,437.07000000,6.003
1749261879,5.97900000,641.53000000,6.003
1749261879,5.97800000,513.21000000,6.003
1749261879,5.97700000,735.96000000,6.003
1749261879,5.97600000,355.22000000,6.003
1749261879,5.97500000,738.00000000,6.003
1749261879,5.97400000,921.52000000,6.003
1749261879,5.97300000,775.87000000,6.003
1749261879,5.97200000,325.17000000,6.003
1749261879,5.97100000,2665.58000000,6.003
1749261879,5.97000000,409.16000000,6.003
1749261879,5.96900000,405.41000000,6.003
1749261879,5.96800000,360.17000000,6.003
1749261879,5.96700000,379.78000000,6.003
1749261879,5.96600000,268.76000000,6.003
1749261879,5.96500000,340.33000000,6.003
1749261879,5.96400000,240.14000000,6.003
1749261879,5.96300000,465.67000000,6.003
1749261879,5.96200000,282.72000000,6.003
1749261879,5.96100000,258.81000000,6.003
1749261879,5.96000000,338.71000000,6.003
1749261879,5.95900000,1043.54000000,6.003
1749261879,5.95800000,23.38000000,6.003
1749261879,5.95700000,90.67000000,6.003
1749261879,5.95600000,2.59000000,6.003
1749261879,5.95500000,222.63000000,6.003
1749261879,5.95400000,859.21000000,6.003
1749261879,5.95300000,1.66000000,6.003
1749261879,5.95200000,3.34000000,6.003
1749261879,5.95100000,322.53000000,6.003
1749261879,5.95000000,254.32000000,6.003
1749261879,5.94900000,1627.26000000,6.003
1749261879,5.94800000,42.97000000,6.003
1749261879,5.94700000,4692.78000000,6.003
1749261879,5.94600000,1.67000000,6.003
1749261879,5.94500000,1812.60000000,6.003
1749261879,5.94400000,1914.50000000,6.003
1749261879,5.94300000,191.85000000,6.003
1749261879,5.94200000,3001.93000000,6.003
1749261879,5.94100000,9.17000000,6.003
1749261879,5.94000000,363.24000000,6.003
1749261879,5.93900000,254.08000000,6.003
1749261879,5.93800000,2.64000000,6.003
1749261879,5.93700000,5.36000000,6.003
1749261879,5.93600000,171.38000000,6.003
1749261879,5.93500000,1005.75000000,6.003
1749261879,5.93400000,49.11000000,6.003
1749261879,5.93300000,137.71000000,6.003
1749261879,5.93200000,3426.64000000,6.003
1749261879,5.93100000,208.66000000,6.003
1749261879,5.93000000,13.35000000,6.003
1749261879,5.92900000,32.32000000,6.003
1749261879,5.92800000,710.73000000,6.003
1749261879,5.92700000,10.70000000,6.003
1749261879,5.92600000,16.87000000,6.003
1749261879,5.92500000,200.91000000,6.003
1749261879,5.92400000,0.90000000,6.003
1749261879,5.92300000,250.71000000,6.003
1749261879,5.92200000,172.41000000,6.003
1749261879,5.92100000,4.61000000,6.003
1749261879,5.92000000,1457.81000000,6.003
1749261879,5.91900000,29.79000000,6.003
1749261879,5.91800000,376.59000000,6.003
1749261879,5.91600000,36.51000000,6.003
1749261879,5.91500000,678.47000000,6.003
1749261879,5.91400000,2280.19000000,6.003
1749261879,5.91300000,2.92000000,6.003
1749261879,5.91100000,1510.54000000,6.003
1749261879,5.91000000,43.17000000,6.003
1749261879,5.90900000,4.58000000,6.003
1749261879,5.90800000,482.07000000,6.003
1749261879,5.90700000,531.58000000,6.003
1749261879,5.90600000,287.17000000,6.003
1749261879,5.90500000,1004.36000000,6.003
1749261879,5.90400000,65.57000000,6.003
1749261879,5.90300000,1.29000000,6.003
1749261879,5.90200000,1035.86000000,6.003
1749262186,6.00600000,1349.02000000,6.007
1749262186,6.00500000,1281.32000000,6.007
1749262186,6.00400000,1776.78000000,6.007
1749262186,6.00300000,1819.96000000,6.007
1749262186,6.00200000,5836.21000000,6.007
1749262186,6.00100000,4805.05000000,6.007
1749262186,6.00000000,8439.68000000,6.007
1749262186,5.99900000,5995.86000000,6.007
1749262186,5.99800000,3676.95000000,6.007
1749262186,5.99700000,5346.52000000,6.007
1749262186,5.99600000,3609.19000000,6.007
1749262186,5.99500000,2876.07000000,6.007
1749262186,5.99400000,870.30000000,6.007
1749262186,5.99300000,1119.58000000,6.007
1749262186,5.99200000,858.71000000,6.007
1749262186,5.99100000,641.86000000,6.007
1749262186,5.99000000,489.97000000,6.007
1749262186,5.98900000,372.42000000,6.007
1749262186,5.98800000,5890.91000000,6.007
1749262186,5.98700000,620.70000000,6.007
1749262186,5.98600000,933.61000000,6.007
1749262186,5.98500000,707.34000000,6.007
1749262186,5.98400000,2116.23000000,6.007
1749262186,5.98300000,1007.66000000,6.007
1749262186,5.98200000,312.56000000,6.007
1749262186,5.98100000,970.61000000,6.007
1749262186,5.98000000,437.07000000,6.007
1749262186,5.97900000,431.97000000,6.007
1749262186,5.97800000,383.94000000,6.007
1749262186,5.97700000,328.80000000,6.007
1749262186,5.97600000,355.22000000,6.007
1749262186,5.97500000,772.27000000,6.007
1749262186,5.97400000,810.11000000,6.007
1749262186,5.97300000,340.03000000,6.007
1749262186,5.97200000,362.18000000,6.007
1749262186,5.97100000,2665.58000000,6.007
1749262186,5.97000000,409.16000000,6.007
1749262186,5.96900000,405.49000000,6.007
1749262186,5.96800000,323.14000000,6.007
1749262186,5.96700000,373.63000000,6.007
1749262186,5.96600000,268.76000000,6.007
1749262186,5.96500000,320.37000000,6.007
1749262186,5.96400000,3.95000000,6.007
1749262186,5.96300000,229.44000000,6.007
1749262186,5.96200000,46.45000000,6.007
1749262186,5.96100000,1075.77000000,6.007
1749262186,5.96000000,349.55000000,6.007
1749262186,5.95900000,226.31000000,6.007
1749262186,5.95800000,23.38000000,6.007
1749262186,5.95700000,90.67000000,6.007
1749262186,5.95600000,1.66000000,6.007
1749262186,5.95500000,139.95000000,6.007
1749262186,5.95400000,776.53000000,6.007
1749262186,5.95300000,1.66000000,6.007
1749262186,5.95200000,3.34000000,6.007
1749262186,5.95100000,263.18000000,6.007
1749262186,5.95000000,171.58000000,6.007
1749262186,5.94900000,1627.26000000,6.007
1749262186,5.94800000,209.61000000,6.007
1749262186,5.94700000,6334.01000000,6.007
1749262186,5.94600000,9.13000000,6.007
1749262186,5.94500000,171.37000000,6.007
1749262186,5.94400000,1759.38000000,6.007
1749262186,5.94300000,15.49000000,6.007
1749262186,5.94200000,3001.93000000,6.007
1749262186,5.94100000,158.22000000,6.007
1749262186,5.94000000,319.55000000,6.007
1749262186,5.93900000,141.19000000,6.007
1749262186,5.93800000,2.64000000,6.007
1749262186,5.93700000,5.36000000,6.007
1749262186,5.93600000,171.38000000,6.007
1749262186,5.93500000,1005.75000000,6.007
1749262186,5.93400000,49.11000000,6.007
1749262186,5.93300000,124.06000000,6.007
1749262186,5.93200000,3421.77000000,6.007
1749262186,5.93100000,208.66000000,6.007
1749262186,5.93000000,11.68000000,6.007
1749262186,5.92900000,30.65000000,6.007
1749262186,5.92800000,725.89000000,6.007
1749262186,5.92700000,10.70000000,6.007
1749262186,5.92600000,16.87000000,6.007
1749262186,5.92500000,200.91000000,6.007
1749262186,5.92400000,0.90000000,6.007
1749262186,5.92300000,250.71000000,6.007
1749262186,5.92200000,172.41000000,6.007
1749262186,5.92100000,4.61000000,6.007
1749262186,5.92000000,1474.67000000,6.007
1749262186,5.91900000,519.79000000,6.007
1749262186,5.91800000,376.59000000,6.007
1749262186,5.91600000,41.57000000,6.007
1749262186,5.91500000,1185.67000000,6.007
1749262186,5.91400000,1772.90000000,6.007
1749262186,5.91300000,19.80000000,6.007
1749262186,5.91100000,1002.99000000,6.007
1749262186,5.91000000,43.17000000,6.007
1749262186,5.90900000,4.58000000,6.007
1749262186,5.90800000,482.07000000,6.007
1749262186,5.90700000,509.62000000,6.007
1749262186,5.90600000,287.17000000,6.007
1749262186,5.90500000,1004.36000000,6.007
1749262487,6.01300000,315.40000000,6.013
1749262487,6.01200000,1905.33000000,6.013
1749262487,6.01100000,1967.34000000,6.013
1749262487,6.01000000,1954.35000000,6.013
1749262487,6.00900000,4673.07000000,6.013
1749262487,6.00800000,3299.85000000,6.013
1749262487,6.00700000,4016.26000000,6.013
1749262487,6.00600000,3724.34000000,6.013
1749262487,6.00500000,5541.38000000,6.013
1749262487,6.00400000,6360.60000000,6.013
1749262487,6.00300000,4420.09000000,6.013
1749262487,6.00200000,3994.18000000,6.013
1749262487,6.00100000,3596.92000000,6.013
1749262487,6.00000000,2273.76000000,6.013
1749262487,5.99900000,2386.81000000,6.013
1749262487,5.99800000,6029.09000000,6.013
1749262487,5.99700000,337.06000000,6.013
1749262487,5.99600000,507.84000000,6.013
1749262487,5.99500000,1256.53000000,6.013
1749262487,5.99400000,338.25000000,6.013
1749262487,5.99300000,426.20000000,6.013
1749262487,5.99200000,422.87000000,6.013
1749262487,5.99100000,849.58000000,6.013
1749262487,5.99000000,631.23000000,6.013
1749262487,5.98900000,369.37000000,6.013
1749262487,5.98800000,1325.89000000,6.013
1749262487,5.98700000,512.87000000,6.013
1749262487,5.98600000,287.87000000,6.013
1749262487,5.98500000,409.06000000,6.013
1749262487,5.98400000,371.75000000,6.013
1749262487,5.98300000,382.80000000,6.013
1749262487,5.98200000,213.56000000,6.013
1749262487,5.98100000,305.43000000,6.013
1749262487,5.98000000,604.29000000,6.013
1749262487,5.97900000,431.97000000,6.013
1749262487,5.97800000,383.94000000,6.013
1749262487,5.97700000,322.88000000,6.013
1749262487,5.97600000,355.22000000,6.013
1749262487,5.97500000,736.77000000,6.013
1749262487,5.97400000,1091.09000000,6.013
1749262487,5.97300000,320.03000000,6.013
1749262487,5.97200000,325.17000000,6.013
1749262487,5.97100000,2429.67000000,6.013
1749262487,5.97000000,340.75000000,6.013
1749262487,5.96900000,113.14000000,6.013
1749262487,5.96800000,86.18000000,6.013
1749262487,5.96700000,137.56000000,6.013
1749262487,5.96600000,598.08000000,6.013
1749262487,5.96500000,3722.74000000,6.013
1749262487,5.96400000,3.02000000,6.013
1749262487,5.96300000,146.90000000,6.013
1749262487,5.96200000,280.56000000,6.013
1749262487,5.96100000,176.27000000,6.013
1749262487,5.96000000,2070.91000000,6.013
1749262487,5.95900000,152.08000000,6.013
1749262487,5.95800000,46.99000000,6.013
1749262487,5.95700000,15.50000000,6.013
1749262487,5.95600000,206.47000000,6.013
1749262487,5.95500000,139.95000000,6.013
1749262487,5.95400000,776.53000000,6.013
1749262487,5.95300000,12.83000000,6.013
1749262487,5.95200000,3.34000000,6.013
1749262487,5.95100000,148.07000000,6.013
1749262487,5.95000000,171.58000000,6.013
1749262487,5.94900000,4.59000000,6.013
1749262487,5.94800000,1674.62000000,6.013
1749262487,5.94700000,2676.93000000,6.013
1749262487,5.94600000,1.67000000,6.013
1749262487,5.94500000,171.37000000,6.013
1749262487,5.94400000,33.39000000,6.013
1749262487,5.94300000,1665.66000000,6.013
1749262487,5.94200000,2436.49000000,6.013
1749262487,5.94100000,9.17000000,6.013
1749262487,5.94000000,319.55000000,6.013
1749262487,5.93900000,673.70000000,6.013
1749262487,5.93800000,2.64000000,6.013
1749262487,5.93700000,3.69000000,6.013
1749262487,5.93600000,169.71000000,6.013
1749262487,5.93500000,1004.08000000,6.013
1749262487,5.93400000,47.44000000,6.013
1749262487,5.93300000,139.21000000,6.013
1749262487,5.93200000,3420.10000000,6.013
1749262487,5.93100000,206.99000000,6.013
1749262487,5.93000000,11.68000000,6.013
1749262487,5.92900000,30.65000000,6.013
1749262487,5.92800000,1215.15000000,6.013
1749262487,5.92700000,490.18000000,6.013
1749262487,5.92600000,523.13000000,6.013
1749262487,5.92500000,1932.44000000,6.013
1749262487,5.92400000,0.90000000,6.013
1749262487,5.92300000,250.71000000,6.013
1749262487,5.92200000,172.41000000,6.013
1749262487,5.92100000,21.46000000,6.013
1749262487,5.92000000,1452.25000000,6.013
1749262487,5.91900000,12.93000000,6.013
1749262487,5.91800000,376.59000000,6.013
1749262487,5.91600000,19.64000000,6.013
1749262487,5.91500000,678.47000000,6.013
1749262487,5.91400000,1772.90000000,6.013
1749262487,5.91300000,19.80000000,6.013
1749262789,6.02000000,559.40000000,6.02
1749262789,6.01900000,982.24000000,6.02
1749262789,6.01800000,1266.61000000,6.02
1749262789,6.01700000,1662.60000000,6.02
1749262789,6.01600000,4060.83000000,6.02
1749262789,6.01500000,4083.36000000,6.02
1749262789,6.01400000,6150.96000000,6.02
1749262789,6.01300000,3800.39000000,6.02
1749262789,6.01200000,5333.14000000,6.02
1749262789,6.01100000,4043.41000000,6.02
1749262789,6.01000000,3203.92000000,6.02
1749262789,6.00900000,2155.08000000,6.02
1749262789,6.00800000,2237.91000000,6.02
1749262789,6.00700000,1599.90000000,6.02
1749262789,6.00600000,1123.96000000,6.02
1749262789,6.00500000,571.34000000,6.02
1749262789,6.00400000,8013.83000000,6.02
1749262789,6.00300000,1099.75000000,6.02
1749262789,6.00200000,421.65000000,6.02
1749262789,6.00100000,600.96000000,6.02
1749262789,6.00000000,1779.70000000,6.02
1749262789,5.99900000,1649.12000000,6.02
1749262789,5.99800000,419.66000000,6.02
1749262789,5.99700000,376.67000000,6.02
1749262789,5.99600000,961.17000000,6.02
1749262789,5.99500000,1157.54000000,6.02
1749262789,5.99400000,357.33000000,6.02
1749262789,5.99300000,627.56000000,6.02
1749262789,5.99200000,473.09000000,6.02
1749262789,5.99100000,541.60000000,6.02
1749262789,5.99000000,365.28000000,6.02
1749262789,5.98900000,193.53000000,6.02
1749262789,5.98800000,207.35000000,6.02
1749262789,5.98700000,620.90000000,6.02
1749262789,5.98600000,323.87000000,6.02
1749262789,5.98500000,409.99000000,6.02
1749262789,5.98400000,328.53000000,6.02
1749262789,5.98300000,380.43000000,6.02
1749262789,5.98200000,237.10000000,6.02
1749262789,5.98100000,328.82000000,6.02
1749262789,5.98000000,667.06000000,6.02
1749262789,5.97900000,454.49000000,6.02
1749262789,5.97800000,2170.95000000,6.02
1749262789,5.97700000,87.20000000,6.02
1749262789,5.97600000,933.48000000,6.02
1749262789,5.97500000,4262.13000000,6.02
1749262789,5.97400000,40.11000000,6.02
1749262789,5.97300000,237.01000000,6.02
1749262789,5.97200000,5.84000000,6.02
1749262789,5.97100000,2222.08000000,6.02
1749262789,5.97000000,2631.66000000,6.02
1749262789,5.96900000,30.61000000,6.02
1749262789,5.96800000,3.65000000,6.02
1749262789,5.96700000,137.56000000,6.02
1749262789,5.96600000,2239.31000000,6.02
1749262789,5.96500000,187.58000000,6.02
1749262789,5.96400000,231.17000000,6.02
1749262789,5.96300000,146.90000000,6.02
1749262789,5.96200000,46.45000000,6.02
1749262789,5.96100000,2844.16000000,6.02
1749262789,5.96000000,356.99000000,6.02
1749262789,5.95900000,143.71000000,6.02
1749262789,5.95800000,23.38000000,6.02
1749262789,5.95700000,8.06000000,6.02
1749262789,5.95600000,23.26000000,6.02
1749262789,5.95500000,139.95000000,6.02
1749262789,5.95400000,209.94000000,6.02
1749262789,5.95300000,12.83000000,6.02
1749262789,5.95200000,3.34000000,6.02
1749262789,5.95100000,140.62000000,6.02
1749262789,5.95000000,419.47000000,6.02
1749262789,5.94900000,21.23000000,6.02
1749262789,5.94800000,1683.56000000,6.02
1749262789,5.94700000,138.37000000,6.02
1749262789,5.94600000,3385.59000000,6.02
1749262789,5.94500000,171.37000000,6.02
1749262789,5.94400000,10.07000000,6.02
1749262789,5.94300000,13.82000000,6.02
1749262789,5.94200000,276.30000000,6.02
1749262789,5.94100000,7.50000000,6.02
1749262789,5.94000000,67.88000000,6.02
1749262789,5.93900000,672.03000000,6.02
1749262789,5.93800000,0.97000000,6.02
1749262789,5.93700000,171.83000000,6.02
1749262789,5.93600000,169.71000000,6.02
1749262789,5.93500000,1004.08000000,6.02
1749262789,5.93400000,1080.46000000,6.02
1749262789,5.93300000,122.39000000,6.02
1749262789,5.93200000,136.04000000,6.02
1749262789,5.93100000,206.85000000,6.02
1749262789,5.93000000,28.51000000,6.02
1749262789,5.92900000,30.65000000,6.02
1749262789,5.92800000,2127.73000000,6.02
1749262789,5.92700000,490.18000000,6.02
1749262789,5.92600000,523.08000000,6.02
1749262789,5.92500000,1932.44000000,6.02
1749262789,5.92400000,0.90000000,6.02
1749262789,5.92200000,473.32000000,6.02
1749262789,5.92100000,4.61000000,6.02
1749262789,5.92000000,923.61000000,6.02
1749263090,6.01700000,916.75000000,6.017
1749263090,6.01600000,825.14000000,6.017
1749263090,6.01500000,2162.27000000,6.017
1749263090,6.01400000,2061.06000000,6.017
1749263090,6.01300000,4007.29000000,6.017
1749263090,6.01200000,5441.82000000,6.017
1749263090,6.01100000,3325.29000000,6.017
1749263090,6.01000000,5565.59000000,6.017
1749263090,6.00900000,3417.89000000,6.017
1749263090,6.00800000,4505.83000000,6.017
1749263090,6.00700000,5324.47000000,6.017
1749263090,6.00600000,2050.30000000,6.017
1749263090,6.00500000,1557.24000000,6.017
1749263090,6.00400000,1539.59000000,6.017
1749263090,6.00300000,6138.30000000,6.017
1749263090,6.00200000,422.90000000,6.017
1749263090,6.00100000,506.72000000,6.017
1749263090,6.00000000,1892.35000000,6.017
1749263090,5.99900000,1612.00000000,6.017
1749263090,5.99800000,495.91000000,6.017
1749263090,5.99700000,376.67000000,6.017
1749263090,5.99600000,507.84000000,6.017
1749263090,5.99500000,687.02000000,6.017
1749263090,5.99400000,337.33000000,6.017
1749263090,5.99300000,627.56000000,6.017
1749263090,5.99200000,422.87000000,6.017
1749263090,5.99100000,541.60000000,6.017
1749263090,5.99000000,856.48000000,6.017
1749263090,5.98900000,193.53000000,6.017
1749263090,5.98800000,772.68000000,6.017
1749263090,5.98700000,620.90000000,6.017
1749263090,5.98600000,323.87000000,6.017
1749263090,5.98500000,409.99000000,6.017
1749263090,5.98400000,328.53000000,6.017
1749263090,5.98300000,417.38000000,6.017
1749263090,5.98200000,352.49000000,6.017
1749263090,5.98100000,328.82000000,6.017
1749263090,5.98000000,667.06000000,6.017
1749263090,5.97900000,1268.99000000,6.017
1749263090,5.97800000,1842.27000000,6.017
1749263090,5.97700000,322.88000000,6.017
1749263090,5.97600000,355.22000000,6.017
1749263090,5.97500000,2545.09000000,6.017
1749263090,5.97400000,40.11000000,6.017
1749263090,5.97300000,84.07000000,6.017
1749263090,5.97200000,88.32000000,6.017
1749263090,5.97100000,2222.08000000,6.017
1749263090,5.97000000,2631.66000000,6.017
1749263090,5.96900000,113.10000000,6.017
1749263090,5.96800000,3.65000000,6.017
1749263090,5.96700000,220.04000000,6.017
1749263090,5.96600000,597.98000000,6.017
1749263090,5.96500000,1.66000000,6.017
1749263090,5.96400000,3.02000000,6.017
1749263090,5.96300000,1867.39000000,6.017
1749263090,5.96200000,308.48000000,6.017
1749263090,5.96100000,2910.02000000,6.017
1749263090,5.96000000,348.94000000,6.017
1749263090,5.95900000,185.48000000,6.017
1749263090,5.95800000,23.38000000,6.017
1749263090,5.95700000,8.06000000,6.017
1749263090,5.95600000,209.46000000,6.017
1749263090,5.95500000,139.95000000,6.017
1749263090,5.95400000,209.94000000,6.017
1749263090,5.95300000,1.66000000,6.017
1749263090,5.95200000,3.34000000,6.017
1749263090,5.95100000,17.82000000,6.017
1749263090,5.95000000,419.47000000,6.017
1749263090,5.94900000,21.23000000,6.017
1749263090,5.94800000,598.33000000,6.017
1749263090,5.94700000,1802.00000000,6.017
1749263090,5.94600000,3368.81000000,6.017
1749263090,5.94500000,171.37000000,6.017
1749263090,5.94400000,11.74000000,6.017
1749263090,5.94300000,15.49000000,6.017
1749263090,5.94200000,261.18000000,6.017
1749263090,5.94100000,7.50000000,6.017
1749263090,5.94000000,67.88000000,6.017
1749263090,5.93900000,688.83000000,6.017
1749263090,5.93800000,0.97000000,6.017
1749263090,5.93700000,3.69000000,6.017
1749263090,5.93600000,186.52000000,6.017
1749263090,5.93500000,1004.08000000,6.017
1749263090,5.93400000,47.44000000,6.017
1749263090,5.93300000,290.64000000,6.017
1749263090,5.93200000,136.04000000,6.017
1749263090,5.93100000,206.85000000,6.017
1749263090,5.93000000,11.68000000,6.017
1749263090,5.92900000,1680.82000000,6.017
1749263090,5.92800000,3117.24000000,6.017
1749263090,5.92700000,512.07000000,6.017
1749263090,5.92600000,16.87000000,6.017
1749263090,5.92500000,1932.44000000,6.017
1749263090,5.92400000,17.75000000,6.017
1749263090,5.92200000,473.32000000,6.017
1749263090,5.92100000,4.61000000,6.017
1749263090,5.92000000,1430.33000000,6.017
1749263090,5.91900000,12.93000000,6.017
1749263090,5.91800000,374.09000000,6.017
1749263090,5.91600000,19.64000000,6.017
1749263392,6.03600000,697.58000000,6.037
1749263392,6.03500000,1296.29000000,6.037
1749263392,6.03400000,2092.48000000,6.037
1749263392,6.03300000,3674.00000000,6.037
1749263392,6.03200000,6678.41000000,6.037
1749263392,6.03100000,7041.76000000,6.037
1749263392,6.03000000,2518.31000000,6.037
1749263392,6.02900000,3348.49000000,6.037
1749263392,6.02800000,1815.75000000,6.037
1749263392,6.02700000,5378.56000000,6.037
1749263392,6.02600000,4924.16000000,6.037
1749263392,6.02500000,5047.49000000,6.037
1749263392,6.02400000,780.20000000,6.037
1749263392,6.02300000,901.74000000,6.037
1749263392,6.02200000,1469.42000000,6.037
1749263392,6.02100000,1499.10000000,6.037
1749263392,6.02000000,6147.31000000,6.037
1749263392,6.01900000,421.18000000,6.037
1749263392,6.01800000,338.52000000,6.037
1749263392,6.01700000,448.84000000,6.037
1749263392,6.01600000,588.18000000,6.037
1749263392,6.01500000,511.40000000,6.037
1749263392,6.01400000,515.56000000,6.037
1749263392,6.01300000,774.43000000,6.037
1749263392,6.01200000,420.75000000,6.037
1749263392,6.01100000,1204.32000000,6.037
1749263392,6.01000000,361.43000000,6.037
1749263392,6.00900000,494.28000000,6.037
1749263392,6.00800000,402.02000000,6.037
1749263392,6.00700000,373.93000000,6.037
1749263392,6.00600000,769.62000000,6.037
1749263392,6.00500000,239.11000000,6.037
1749263392,6.00400000,238.86000000,6.037
1749263392,6.00300000,456.03000000,6.037
1749263392,6.00200000,321.73000000,6.037
1749263392,6.00100000,443.57000000,6.037
1749263392,6.00000000,1033.21000000,6.037
1749263392,5.99900000,379.85000000,6.037
1749263392,5.99800000,340.66000000,6.037
1749263392,5.99700000,1050.12000000,6.037
1749263392,5.99600000,408.14000000,6.037
1749263392,5.99500000,1170.92000000,6.037
1749263392,5.99400000,3.02000000,6.037
1749263392,5.99300000,113.97000000,6.037
1749263392,5.99200000,87.17000000,6.037
1749263392,5.99100000,304.86000000,6.037
1749263392,5.99000000,294.77000000,6.037
1749263392,5.98900000,1.65000000,6.037
1749263392,5.98800000,7.16000000,6.037
1749263392,5.98700000,427.40000000,6.037
1749263392,5.98600000,88.54000000,6.037
1749263392,5.98500000,174.62000000,6.037
1749263392,5.98400000,92.24000000,6.037
1749263392,5.98300000,144.99000000,6.037
1749263392,5.98200000,1950.86000000,6.037
1749263392,5.98100000,37.20000000,6.037
1749263392,5.98000000,415.60000000,6.037
1749263392,5.97900000,136.42000000,6.037
1749263392,5.97800000,2171.33000000,6.037
1749263392,5.97700000,4.67000000,6.037
1749263392,5.97600000,36.04000000,6.037
1749263392,5.97500000,4186.32000000,6.037
1749263392,5.97400000,40.11000000,6.037
1749263392,5.97300000,157.33000000,6.037
1749263392,5.97200000,5.84000000,6.037
1749263392,5.97100000,2222.08000000,6.037
1749263392,5.97000000,2631.66000000,6.037
1749263392,5.96900000,30.61000000,6.037
1749263392,5.96800000,3.65000000,6.037
1749263392,5.96700000,137.56000000,6.037
1749263392,5.96600000,32.65000000,6.037
1749263392,5.96500000,1.66000000,6.037
1749263392,5.96400000,3.02000000,6.037
1749263392,5.96300000,146.90000000,6.037
1749263392,5.96200000,46.45000000,6.037
1749263392,5.96100000,2836.72000000,6.037
1749263392,5.96000000,352.86000000,6.037
1749263392,5.95900000,650.62000000,6.037
1749263392,5.95800000,43.87000000,6.037
1749263392,5.95700000,39.76000000,6.037
1749263392,5.95600000,21.60000000,6.037
1749263392,5.95500000,138.29000000,6.037
1749263392,5.95400000,208.28000000,6.037
1749263392,5.95200000,169.39000000,6.037
1749263392,5.95100000,1.25000000,6.037
1749263392,5.95000000,922.02000000,6.037
1749263392,5.94900000,2.92000000,6.037
1749263392,5.94800000,31.72000000,6.037
1749263392,5.94700000,2329.94000000,6.037
1749263392,5.94600000,5497.32000000,6.037
1749263392,5.94500000,242.87000000,6.037
1749263392,5.94400000,26.72000000,6.037
1749263392,5.94300000,13.82000000,6.037
1749263392,5.94200000,267.90000000,6.037
1749263392,5.94100000,7.50000000,6.037
1749263392,5.94000000,572.90000000,6.037
1749263392,5.93900000,139.52000000,6.037
1749263392,5.93800000,0.97000000,6.037
1749263392,5.93700000,3.69000000,6.037
1749263392,5.93600000,169.71000000,6.037
1749263693,6.03400000,180.90000000,6.032
1749263693,6.03300000,1698.56000000,6.032
1749263693,6.03200000,2560.16000000,6.032
1749263693,6.03100000,2462.09000000,6.032
1749263693,6.03000000,4840.81000000,6.032
1749263693,6.02900000,2104.08000000,6.032
1749263693,6.02800000,5266.71000000,6.032
1749263693,6.02700000,9913.58000000,6.032
1749263693,6.02600000,3182.89000000,6.032
1749263693,6.02500000,2375.02000000,6.032
1749263693,6.02400000,3717.04000000,6.032
1749263693,6.02300000,5720.94000000,6.032
1749263693,6.02200000,4125.58000000,6.032
1749263693,6.02100000,1547.98000000,6.032
1749263693,6.02000000,1204.07000000,6.032
1749263693,6.01900000,911.44000000,6.032
1749263693,6.01800000,959.00000000,6.032
1749263693,6.01700000,7972.86000000,6.032
1749263693,6.01600000,1467.97000000,6.032
1749263693,6.01500000,655.98000000,6.032
1749263693,6.01400000,423.95000000,6.032
1749263693,6.01300000,763.46000000,6.032
1749263693,6.01200000,420.75000000,6.032
1749263693,6.01100000,641.08000000,6.032
1749263693,6.01000000,361.43000000,6.032
1749263693,6.00900000,494.28000000,6.032
1749263693,6.00800000,515.34000000,6.032
1749263693,6.00700000,512.47000000,6.032
1749263693,6.00600000,587.75000000,6.032
1749263693,6.00500000,338.11000000,6.032
1749263693,6.00400000,802.64000000,6.032
1749263693,6.00300000,455.19000000,6.032
1749263693,6.00200000,321.73000000,6.032
1749263693,6.00100000,477.58000000,6.032
1749263693,6.00000000,580.59000000,6.032
1749263693,5.99900000,379.85000000,6.032
1749263693,5.99800000,340.66000000,6.032
1749263693,5.99700000,691.07000000,6.032
1749263693,5.99600000,408.14000000,6.032
1749263693,5.99500000,606.20000000,6.032
1749263693,5.99400000,1050.50000000,6.032
1749263693,5.99300000,363.64000000,6.032
1749263693,5.99200000,87.17000000,6.032
1749263693,5.99100000,304.86000000,6.032
1749263693,5.99000000,294.77000000,6.032
1749263693,5.98900000,1.65000000,6.032
1749263693,5.98800000,8.08000000,6.032
1749263693,5.98700000,427.40000000,6.032
1749263693,5.98600000,88.54000000,6.032
1749263693,5.98500000,224.63000000,6.032
1749263693,5.98400000,92.24000000,6.032
1749263693,5.98300000,144.99000000,6.032
1749263693,5.98200000,340.40000000,6.032
1749263693,5.98100000,12.94000000,6.032
1749263693,5.98000000,497.91000000,6.032
1749263693,5.97900000,136.42000000,6.032
1749263693,5.97800000,3836.65000000,6.032
1749263693,5.97700000,4.67000000,6.032
1749263693,5.97600000,36.04000000,6.032
1749263693,5.97500000,2729.03000000,6.032
1749263693,5.97400000,40.11000000,6.032
1749263693,5.97300000,1.66000000,6.032
1749263693,5.97200000,5.84000000,6.032
1749263693,5.97100000,2222.08000000,6.032
1749263693,5.97000000,2630.46000000,6.032
1749263693,5.96900000,30.61000000,6.032
1749263693,5.96800000,1744.26000000,6.032
1749263693,5.96700000,137.56000000,6.032
1749263693,5.96600000,32.65000000,6.032
1749263693,5.96500000,1.66000000,6.032
1749263693,5.96400000,3.02000000,6.032
1749263693,5.96300000,146.90000000,6.032
1749263693,5.96200000,1696.62000000,6.032
1749263693,5.96100000,3400.48000000,6.032
1749263693,5.96000000,337.78000000,6.032
1749263693,5.95900000,652.28000000,6.032
1749263693,5.95800000,43.87000000,6.032
1749263693,5.95700000,6.40000000,6.032
1749263693,5.95600000,16.76000000,6.032
1749263693,5.95500000,138.29000000,6.032
1749263693,5.95400000,208.28000000,6.032
1749263693,5.95200000,1.68000000,6.032
1749263693,5.95100000,1.25000000,6.032
1749263693,5.95000000,434.57000000,6.032
1749263693,5.94900000,2.92000000,6.032
1749263693,5.94800000,199.54000000,6.032
1749263693,5.94700000,136.70000000,6.032
1749263693,5.94600000,5424.26000000,6.032
1749263693,5.94500000,242.87000000,6.032
1749263693,5.94400000,10.07000000,6.032
1749263693,5.94300000,35.65000000,6.032
1749263693,5.94200000,764.41000000,6.032
1749263693,5.94100000,512.48000000,6.032
1749263693,5.94000000,67.88000000,6.032
1749263693,5.93900000,139.52000000,6.032
1749263693,5.93800000,17.78000000,6.032
1749263693,5.93700000,3.69000000,6.032
1749263693,5.93600000,169.71000000,6.032
1749263693,5.93500000,1004.08000000,6.032
1749263693,5.93400000,47.44000000,6.032
1749263995,6.04800000,198.91000000,6.047
1749263995,6.04700000,817.33000000,6.047
1749263995,6.04600000,1034.32000000,6.047
1749263995,6.04500000,867.42000000,6.047
1749263995,6.04400000,1615.27000000,6.047
1749263995,6.04300000,2281.45000000,6.047
1749263995,6.04200000,3894.40000000,6.047
1749263995,6.04100000,8689.09000000,6.047
1749263995,6.04000000,7970.27000000,6.047
1749263995,6.03900000,3884.93000000,6.047
1749263995,6.03800000,3980.08000000,6.047
1749263995,6.03700000,3431.87000000,6.047
1749263995,6.03600000,2909.06000000,6.047
1749263995,6.03500000,1601.02000000,6.047
1749263995,6.03400000,615.88000000,6.047
1749263995,6.03300000,737.59000000,6.047
1749263995,6.03200000,597.24000000,6.047
1749263995,6.03100000,1231.15000000,6.047
1749263995,6.03000000,336.91000000,6.047
1749263995,6.02900000,419.37000000,6.047
1749263995,6.02800000,514.21000000,6.047
1749263995,6.02700000,6123.49000000,6.047
1749263995,6.02600000,1185.18000000,6.047
1749263995,6.02500000,575.31000000,6.047
1749263995,6.02400000,420.17000000,6.047
1749263995,6.02300000,1135.83000000,6.047
1749263995,6.02200000,915.21000000,6.047
1749263995,6.02100000,611.66000000,6.047
1749263995,6.02000000,508.47000000,6.047
1749263995,6.01900000,488.81000000,6.047
1749263995,6.01800000,428.79000000,6.047
1749263995,6.01700000,353.85000000,6.047
1749263995,6.01600000,723.24000000,6.047
1749263995,6.01500000,412.40000000,6.047
1749263995,6.01400000,1010.61000000,6.047
1749263995,6.01300000,319.92000000,6.047
1749263995,6.01200000,241.02000000,6.047
1749263995,6.01100000,659.90000000,6.047
1749263995,6.01000000,687.55000000,6.047
1749263995,6.00900000,1130.52000000,6.047
1749263995,6.00800000,320.73000000,6.047
1749263995,6.00700000,372.29000000,6.047
1749263995,6.00600000,252.60000000,6.047
1749263995,6.00500000,217.49000000,6.047
1749263995,6.00400000,1.67000000,6.047
1749263995,6.00300000,219.80000000,6.047
1749263995,6.00200000,648.05000000,6.047
1749263995,6.00100000,170.12000000,6.047
1749263995,6.00000000,363.88000000,6.047
1749263995,5.99900000,137.68000000,6.047
1749263995,5.99800000,84.23000000,6.047
1749263995,5.99700000,17.15000000,6.047
1749263995,5.99600000,172.28000000,6.047
1749263995,5.99500000,199.47000000,6.047
1749263995,5.99400000,512.23000000,6.047
1749263995,5.99300000,245.67000000,6.047
1749263995,5.99200000,3.61000000,6.047
1749263995,5.99100000,304.86000000,6.047
1749263995,5.99000000,775.24000000,6.047
1749263995,5.98900000,1714.67000000,6.047
1749263995,5.98800000,7.16000000,6.047
1749263995,5.98700000,137.67000000,6.047
1749263995,5.98600000,5.83000000,6.047
1749263995,5.98500000,174.62000000,6.047
1749263995,5.98400000,31.77000000,6.047
1749263995,5.98300000,393.19000000,6.047
1749263995,5.98200000,1.66000000,6.047
1749263995,5.98100000,20.35000000,6.047
1749263995,5.98000000,415.60000000,6.047
1749263995,5.97900000,1777.65000000,6.047
1749263995,5.97800000,1606.63000000,6.047
1749263995,5.97700000,4.67000000,6.047
1749263995,5.97600000,44.39000000,6.047
1749263995,5.97500000,2561.65000000,6.047
1749263995,5.97400000,40.11000000,6.047
1749263995,5.97300000,250.27000000,6.047
1749263995,5.97200000,1654.35000000,6.047
1749263995,5.97100000,2220.42000000,6.047
1749263995,5.97000000,2628.80000000,6.047
1749263995,5.96900000,28.95000000,6.047
1749263995,5.96800000,24.04000000,6.047
1749263995,5.96700000,135.90000000,6.047
1749263995,5.96600000,30.99000000,6.047
1749263995,5.96500000,33.18000000,6.047
1749263995,5.96400000,1.36000000,6.047
1749263995,5.96300000,1173.06000000,6.047
1749263995,5.96200000,44.79000000,6.047
1749263995,5.96100000,2585.95000000,6.047
1749263995,5.96000000,585.28000000,6.047
1749263995,5.95900000,650.62000000,6.047
1749263995,5.95800000,68.79000000,6.047
1749263995,5.95700000,6.40000000,6.047
1749263995,5.95600000,503.66000000,6.047
1749263995,5.95500000,155.05000000,6.047
1749263995,5.95400000,208.28000000,6.047
1749263995,5.95300000,184.31000000,6.047
1749263995,5.95200000,1.68000000,6.047
1749263995,5.95100000,17.88000000,6.047
1749263995,5.95000000,168.23000000,6.047
1749263995,5.94900000,302.46000000,6.047
1749264296,6.03200000,914.59000000,6.033
1749264296,6.03100000,771.06000000,6.033
1749264296,6.03000000,1364.68000000,6.033
1749264296,6.02900000,2218.52000000,6.033
1749264296,6.02800000,2917.85000000,6.033
1749264296,6.02700000,6931.55000000,6.033
1749264296,6.02600000,2336.92000000,6.033
1749264296,6.02500000,6241.34000000,6.033
1749264296,6.02400000,6870.97000000,6.033
1749264296,6.02300000,7304.58000000,6.033
1749264296,6.02200000,5914.87000000,6.033
1749264296,6.02100000,2337.60000000,6.033
1749264296,6.02000000,1573.26000000,6.033
1749264296,6.01900000,1039.27000000,6.033
1749264296,6.01800000,482.60000000,6.033
1749264296,6.01700000,5888.05000000,6.033
1749264296,6.01600000,723.24000000,6.033
1749264296,6.01500000,505.22000000,6.033
1749264296,6.01400000,1011.53000000,6.033
1749264296,6.01300000,333.72000000,6.033
1749264296,6.01200000,803.99000000,6.033
1749264296,6.01100000,622.86000000,6.033
1749264296,6.01000000,236.03000000,6.033
1749264296,6.00900000,320.09000000,6.033
1749264296,6.00800000,320.73000000,6.033
1749264296,6.00700000,372.29000000,6.033
1749264296,6.00600000,550.34000000,6.033
1749264296,6.00500000,452.08000000,6.033
1749264296,6.00400000,312.47000000,6.033
1749264296,6.00300000,454.47000000,6.033
1749264296,6.00200000,772.45000000,6.033
1749264296,6.00100000,397.44000000,6.033
1749264296,6.00000000,617.44000000,6.033
1749264296,5.99900000,364.60000000,6.033
1749264296,5.99800000,1122.75000000,6.033
1749264296,5.99700000,242.00000000,6.033
1749264296,5.99600000,480.12000000,6.033
1749264296,5.99500000,399.33000000,6.033
1749264296,5.99400000,1830.30000000,6.033
1749264296,5.99300000,2359.67000000,6.033
1749264296,5.99200000,227.75000000,6.033
1749264296,5.99100000,610.66000000,6.033
1749264296,5.99000000,3089.47000000,6.033
1749264296,5.98900000,1.65000000,6.033
1749264296,5.98800000,89.35000000,6.033
1749264296,5.98700000,137.67000000,6.033
1749264296,5.98600000,5.83000000,6.033
1749264296,5.98500000,174.62000000,6.033
1749264296,5.98400000,9.49000000,6.033
1749264296,5.98300000,393.19000000,6.033
1749264296,5.98200000,233.55000000,6.033
1749264296,5.98100000,12.94000000,6.033
1749264296,5.98000000,239.63000000,6.033
1749264296,5.97900000,136.42000000,6.033
1749264296,5.97800000,177.75000000,6.033
1749264296,5.97700000,28.72000000,6.033
1749264296,5.97600000,1677.27000000,6.033
1749264296,5.97500000,2568.68000000,6.033
1749264296,5.97400000,40.11000000,6.033
1749264296,5.97300000,404.72000000,6.033
1749264296,5.97200000,568.50000000,6.033
1749264296,5.97100000,2222.08000000,6.033
1749264296,5.97000000,172.05000000,6.033
1749264296,5.96900000,30.61000000,6.033
1749264296,5.96800000,25.70000000,6.033
1749264296,5.96700000,137.56000000,6.033
1749264296,5.96600000,32.65000000,6.033
1749264296,5.96500000,18.25000000,6.033
1749264296,5.96400000,3.02000000,6.033
1749264296,5.96300000,146.90000000,6.033
1749264296,5.96200000,2031.49000000,6.033
1749264296,5.96100000,2587.61000000,6.033
1749264296,5.96000000,603.68000000,6.033
1749264296,5.95900000,652.28000000,6.033
1749264296,5.95800000,70.45000000,6.033
1749264296,5.95700000,8.06000000,6.033
1749264296,5.95600000,16.76000000,6.033
1749264296,5.95500000,138.29000000,6.033
1749264296,5.95400000,208.28000000,6.033
1749264296,5.95200000,1.68000000,6.033
1749264296,5.95100000,538.79000000,6.033
1749264296,5.95000000,168.23000000,6.033
1749264296,5.94900000,302.46000000,6.033
1749264296,5.94800000,103.54000000,6.033
1749264296,5.94700000,641.17000000,6.033
1749264296,5.94600000,3771.91000000,6.033
1749264296,5.94500000,242.87000000,6.033
1749264296,5.94400000,10.07000000,6.033
1749264296,5.94300000,30.61000000,6.033
1749264296,5.94200000,7.11000000,6.033
1749264296,5.94100000,7.50000000,6.033
1749264296,5.94000000,572.90000000,6.033
1749264296,5.93900000,139.52000000,6.033
1749264296,5.93800000,0.97000000,6.033
1749264296,5.93700000,3.69000000,6.033
1749264296,5.93600000,169.71000000,6.033
1749264296,5.93500000,1004.08000000,6.033
1749264296,5.93400000,47.44000000,6.033
1749264296,5.93300000,87.80000000,6.033
1749264296,5.93200000,1865.52000000,6.033
1749264603,6.04900000,922.15000000,6.05
1749264603,6.04800000,1096.11000000,6.05
1749264603,6.04700000,1814.27000000,6.05
1749264603,6.04600000,2439.28000000,6.05
1749264603,6.04500000,7676.99000000,6.05
1749264603,6.04400000,5469.55000000,6.05
1749264603,6.04300000,1560.92000000,6.05
1749264603,6.04200000,2110.22000000,6.05
1749264603,6.04100000,5271.14000000,6.05
1749264603,6.04000000,4491.94000000,6.05
1749264603,6.03900000,6998.50000000,6.05
1749264603,6.03800000,4067.12000000,6.05
1749264603,6.03700000,1188.99000000,6.05
1749264603,6.03600000,862.35000000,6.05
1749264603,6.03500000,764.85000000,6.05
1749264603,6.03400000,6550.89000000,6.05
1749264603,6.03300000,424.76000000,6.05
1749264603,6.03200000,307.56000000,6.05
1749264603,6.03100000,939.59000000,6.05
1749264603,6.03000000,442.53000000,6.05
1749264603,6.02900000,507.79000000,6.05
1749264603,6.02800000,321.40000000,6.05
1749264603,6.02700000,464.79000000,6.05
1749264603,6.02600000,1050.73000000,6.05
1749264603,6.02500000,910.86000000,6.05
1749264603,6.02400000,238.90000000,6.05
1749264603,6.02300000,1508.96000000,6.05
1749264603,6.02200000,1160.67000000,6.05
1749264603,6.02100000,405.68000000,6.05
1749264603,6.02000000,384.01000000,6.05
1749264603,6.01900000,413.75000000,6.05
1749264603,6.01800000,428.79000000,6.05
1749264603,6.01700000,320.91000000,6.05
1749264603,6.01600000,564.21000000,6.05
1749264603,6.01500000,412.40000000,6.05
1749264603,6.01400000,238.76000000,6.05
1749264603,6.01300000,364.19000000,6.05
1749264603,6.01200000,241.02000000,6.05
1749264603,6.01100000,602.10000000,6.05
1749264603,6.01000000,215.27000000,6.05
1749264603,6.00900000,299.18000000,6.05
1749264603,6.00800000,299.71000000,6.05
1749264603,6.00700000,137.78000000,6.05
1749264603,6.00600000,252.60000000,6.05
1749264603,6.00500000,217.49000000,6.05
1749264603,6.00400000,1.67000000,6.05
1749264603,6.00300000,219.80000000,6.05
1749264603,6.00200000,647.23000000,6.05
1749264603,6.00100000,170.12000000,6.05
1749264603,6.00000000,352.19000000,6.05
1749264603,5.99900000,137.68000000,6.05
1749264603,5.99800000,84.23000000,6.05
1749264603,5.99700000,17.15000000,6.05
1749264603,5.99600000,172.28000000,6.05
1749264603,5.99500000,174.75000000,6.05
1749264603,5.99400000,3542.78000000,6.05
1749264603,5.99300000,2212.61000000,6.05
1749264603,5.99200000,3.61000000,6.05
1749264603,5.99100000,479.81000000,6.05
1749264603,5.99000000,3258.11000000,6.05
1749264603,5.98900000,1.65000000,6.05
1749264603,5.98800000,7.16000000,6.05
1749264603,5.98700000,145.08000000,6.05
1749264603,5.98600000,5.83000000,6.05
1749264603,5.98500000,174.62000000,6.05
1749264603,5.98400000,9.49000000,6.05
1749264603,5.98300000,393.19000000,6.05
1749264603,5.98200000,24.36000000,6.05
1749264603,5.98100000,12.94000000,6.05
1749264603,5.98000000,237.05000000,6.05
1749264603,5.97900000,136.42000000,6.05
1749264603,5.97800000,3.87000000,6.05
1749264603,5.97700000,4.67000000,6.05
1749264603,5.97600000,1686.21000000,6.05
1749264603,5.97500000,2384.74000000,6.05
1749264603,5.97400000,40.11000000,6.05
1749264603,5.97300000,337.88000000,6.05
1749264603,5.97200000,4.18000000,6.05
1749264603,5.97100000,2220.42000000,6.05
1749264603,5.97000000,187.11000000,6.05
1749264603,5.96900000,28.95000000,6.05
1749264603,5.96800000,2.48000000,6.05
1749264603,5.96700000,152.62000000,6.05
1749264603,5.96600000,30.99000000,6.05
1749264603,5.96500000,16.59000000,6.05
1749264603,5.96400000,1.36000000,6.05
1749264603,5.96300000,145.24000000,6.05
1749264603,5.96200000,44.79000000,6.05
1749264603,5.96100000,2585.95000000,6.05
1749264603,5.96000000,1088.66000000,6.05
1749264603,5.95900000,650.62000000,6.05
1749264603,5.95800000,425.66000000,6.05
1749264603,5.95700000,510.03000000,6.05
1749264603,5.95600000,167.60000000,6.05
1749264603,5.95500000,171.81000000,6.05
1749264603,5.95400000,208.28000000,6.05
1749264603,5.95200000,1.68000000,6.05
1749264603,5.95100000,17.88000000,6.05
1749264603,5.95000000,672.40000000,6.05
1749264603,5.94900000,302.46000000,6.05
1749264904,6.15000000,540.82000000,6.151
1749264904,6.14900000,964.01000000,6.151
1749264904,6.14800000,3437.77000000,6.151
1749264904,6.14700000,3506.97000000,6.151
1749264904,6.14600000,1176.02000000,6.151
1749264904,6.14500000,3510.75000000,6.151
1749264904,6.14400000,3415.02000000,6.151
1749264904,6.14300000,3740.81000000,6.151
1749264904,6.14200000,2025.34000000,6.151
1749264904,6.14100000,1924.09000000,6.151
1749264904,6.14000000,1436.67000000,6.151
1749264904,6.13900000,3429.86000000,6.151
1749264904,6.13800000,1688.29000000,6.151
1749264904,6.13700000,2218.83000000,6.151
1749264904,6.13600000,6099.05000000,6.151
1749264904,6.13500000,1399.71000000,6.151
1749264904,6.13400000,256.44000000,6.151
1749264904,6.13300000,3178.41000000,6.151
1749264904,6.13200000,1771.92000000,6.151
1749264904,6.13100000,959.26000000,6.151
1749264904,6.13000000,269.60000000,6.151
1749264904,6.12900000,317.72000000,6.151
1749264904,6.12800000,294.73000000,6.151
1749264904,6.12700000,692.98000000,6.151
1749264904,6.12600000,442.50000000,6.151
1749264904,6.12500000,403.35000000,6.151
1749264904,6.12400000,1510.66000000,6.151
1749264904,6.12300000,548.25000000,6.151
1749264904,6.12200000,455.88000000,6.151
1749264904,6.12100000,320.37000000,6.151
1749264904,6.12000000,453.99000000,6.151
1749264904,6.11900000,466.95000000,6.151
1749264904,6.11800000,478.81000000,6.151
1749264904,6.11700000,310.00000000,6.151
1749264904,6.11600000,382.31000000,6.151
1749264904,6.11500000,601.74000000,6.151
1749264904,6.11400000,310.56000000,6.151
1749264904,6.11300000,285.17000000,6.151
1749264904,6.11200000,499.76000000,6.151
1749264904,6.11100000,509.67000000,6.151
1749264904,6.11000000,456.56000000,6.151
1749264904,6.10900000,295.44000000,6.151
1749264904,6.10800000,180.08000000,6.151
1749264904,6.10700000,137.60000000,6.151
1749264904,6.10600000,4.63000000,6.151
1749264904,6.10500000,293.75000000,6.151
1749264904,6.10400000,238.95000000,6.151
1749264904,6.10300000,136.38000000,6.151
1749264904,6.10200000,195.14000000,6.151
1749264904,6.10100000,25.14000000,6.151
1749264904,6.10000000,293.96000000,6.151
1749264904,6.09900000,170.07000000,6.151
1749264904,6.09800000,485.02000000,6.151
1749264904,6.09700000,3.27000000,6.151
1749264904,6.09600000,7.58000000,6.151
1749264904,6.09500000,358.03000000,6.151
1749264904,6.09400000,223.63000000,6.151
1749264904,6.09300000,2.81000000,6.151
1749264904,6.09200000,195.46000000,6.151
1749264904,6.09100000,230.09000000,6.151
1749264904,6.09000000,2.51000000,6.151
1749264904,6.08900000,171.32000000,6.151
1749264904,6.08800000,1.63000000,6.151
1749264904,6.08700000,136.39000000,6.151
1749264904,6.08600000,7.95000000,6.151
1749264904,6.08500000,29.81000000,6.151
1749264904,6.08400000,191.77000000,6.151
1749264904,6.08300000,23.37000000,6.151
1749264904,6.08200000,64.19000000,6.151
1749264904,6.08100000,147.66000000,6.151
1749264904,6.08000000,94.41000000,6.151
1749264904,6.07900000,438.15000000,6.151
1749264904,6.07800000,4.62000000,6.151
1749264904,6.07700000,3359.70000000,6.151
1749264904,6.07600000,44.57000000,6.151
1749264904,6.07500000,171.02000000,6.151
1749264904,6.07400000,1147.71000000,6.151
1749264904,6.07300000,81.09000000,6.151
1749264904,6.07200000,52.72000000,6.151
1749264904,6.07100000,359.62000000,6.151
1749264904,6.07000000,82.80000000,6.151
1749264904,6.06900000,3200.92000000,6.151
1749264904,6.06800000,1057.13000000,6.151
1749264904,6.06700000,47.24000000,6.151
1749264904,6.06600000,390.67000000,6.151
1749264904,6.06500000,12.10000000,6.151
1749264904,6.06400000,1.82000000,6.151
1749264904,6.06300000,851.89000000,6.151
1749264904,6.06200000,655.98000000,6.151
1749264904,6.06100000,664.65000000,6.151
1749264904,6.06000000,1769.87000000,6.151
1749264904,6.05900000,1108.38000000,6.151
1749264904,6.05800000,539.72000000,6.151
1749264904,6.05700000,76.48000000,6.151
1749264904,6.05600000,534.63000000,6.151
1749264904,6.05500000,50.01000000,6.151
1749264904,6.05400000,366.46000000,6.151
1749264904,6.05200000,851.71000000,6.151
1749264904,6.05100000,560.90000000,6.151
1749264904,6.05000000,230.85000000,6.151
1749265206,6.12500000,985.16000000,6.125
1749265206,6.12400000,950.27000000,6.125
1749265206,6.12300000,1549.26000000,6.125
1749265206,6.12200000,2441.85000000,6.125
1749265206,6.12100000,4168.76000000,6.125
1749265206,6.12000000,2590.12000000,6.125
1749265206,6.11900000,4621.21000000,6.125
1749265206,6.11800000,3185.22000000,6.125
1749265206,6.11700000,2857.14000000,6.125
1749265206,6.11600000,804.04000000,6.125
1749265206,6.11500000,1995.76000000,6.125
1749265206,6.11400000,2242.95000000,6.125
1749265206,6.11300000,6686.90000000,6.125
1749265206,6.11200000,1984.46000000,6.125
1749265206,6.11100000,648.26000000,6.125
1749265206,6.11000000,457.47000000,6.125
1749265206,6.10900000,262.28000000,6.125
1749265206,6.10800000,299.53000000,6.125
1749265206,6.10700000,497.61000000,6.125
1749265206,6.10600000,1985.59000000,6.125
1749265206,6.10500000,1304.71000000,6.125
1749265206,6.10400000,798.68000000,6.125
1749265206,6.10300000,336.29000000,6.125
1749265206,6.10200000,586.28000000,6.125
1749265206,6.10100000,297.03000000,6.125
1749265206,6.10000000,499.27000000,6.125
1749265206,6.09900000,547.70000000,6.125
1749265206,6.09800000,265.41000000,6.125
1749265206,6.09700000,381.75000000,6.125
1749265206,6.09600000,492.64000000,6.125
1749265206,6.09500000,492.30000000,6.125
1749265206,6.09400000,2078.99000000,6.125
1749265206,6.09300000,283.57000000,6.125
1749265206,6.09200000,400.17000000,6.125
1749265206,6.09100000,542.14000000,6.125
1749265206,6.09000000,281.87000000,6.125
1749265206,6.08900000,867.72000000,6.125
1749265206,6.08800000,830.30000000,6.125
1749265206,6.08700000,334.94000000,6.125
1749265206,6.08600000,761.25000000,6.125
1749265206,6.08500000,287.57000000,6.125
1749265206,6.08400000,1383.37000000,6.125
1749265206,6.08300000,4675.56000000,6.125
1749265206,6.08200000,163.15000000,6.125
1749265206,6.08100000,82.53000000,6.125
1749265206,6.08000000,195.95000000,6.125
1749265206,6.07900000,3031.32000000,6.125
1749265206,6.07800000,356.99000000,6.125
1749265206,6.07700000,72.92000000,6.125
1749265206,6.07600000,545.04000000,6.125
1749265206,6.07500000,169.89000000,6.125
1749265206,6.07400000,137.16000000,6.125
1749265206,6.07300000,56.09000000,6.125
1749265206,6.07200000,1017.84000000,6.125
1749265206,6.07100000,2003.71000000,6.125
1749265206,6.07000000,3705.19000000,6.125
1749265206,6.06900000,341.05000000,6.125
1749265206,6.06800000,251.32000000,6.125
1749265206,6.06700000,48.87000000,6.125
1749265206,6.06600000,11.49000000,6.125
1749265206,6.06500000,14.96000000,6.125
1749265206,6.06400000,340.73000000,6.125
1749265206,6.06300000,383.95000000,6.125
1749265206,6.06200000,1.63000000,6.125
1749265206,6.06100000,173.28000000,6.125
1749265206,6.06000000,68.67000000,6.125
1749265206,6.05900000,5.61000000,6.125
1749265206,6.05800000,1004.70000000,6.125
1749265206,6.05700000,140.95000000,6.125
1749265206,6.05600000,1690.46000000,6.125
1749265206,6.05500000,69.81000000,6.125
1749265206,6.05400000,19.14000000,6.125
1749265206,6.05300000,1.64000000,6.125
1749265206,6.05200000,1041.77000000,6.125
1749265206,6.05100000,638.33000000,6.125
1749265206,6.05000000,992.29000000,6.125
1749265206,6.04800000,3248.49000000,6.125
1749265206,6.04700000,383.36000000,6.125
1749265206,6.04600000,19.55000000,6.125
1749265206,6.04500000,3368.64000000,6.125
1749265206,6.04400000,130.37000000,6.125
1749265206,6.04300000,505.62000000,6.125
1749265206,6.04200000,33.04000000,6.125
1749265206,6.04100000,878.78000000,6.125
1749265206,6.04000000,292.11000000,6.125
1749265206,6.03900000,541.95000000,6.125
1749265206,6.03800000,57.06000000,6.125
1749265206,6.03700000,7.83000000,6.125
1749265206,6.03600000,1077.47000000,6.125
1749265206,6.03500000,990.54000000,6.125
1749265206,6.03400000,658.76000000,6.125
1749265206,6.03300000,13.83000000,6.125
1749265206,6.03200000,2267.92000000,6.125
1749265206,6.03100000,430.21000000,6.125
1749265206,6.03000000,285.03000000,6.125
1749265206,6.02900000,1327.85000000,6.125
1749265206,6.02800000,302.22000000,6.125
1749265206,6.02700000,1.19000000,6.125
1749265206,6.02600000,32.26000000,6.125
1749265206,6.02500000,171.01000000,6.125
1749265507,6.13000000,635.95000000,6.131
1749265507,6.12900000,467.65000000,6.131
1749265507,6.12800000,1263.27000000,6.131
1749265507,6.12700000,850.34000000,6.131
1749265507,6.12600000,891.73000000,6.131
1749265507,6.12500000,2781.39000000,6.131
1749265507,6.12400000,7478.53000000,6.131
1749265507,6.12300000,6702.04000000,6.131
1749265507,6.12200000,4852.33000000,6.131
1749265507,6.12100000,2430.62000000,6.131
1749265507,6.12000000,2848.40000000,6.131
1749265507,6.11900000,2508.85000000,6.131
1749265507,6.11800000,1833.84000000,6.131
1749265507,6.11700000,1612.99000000,6.131
1749265507,6.11600000,927.00000000,6.131
1749265507,6.11500000,435.04000000,6.131
1749265507,6.11400000,647.47000000,6.131
1749265507,6.11300000,8886.07000000,6.131
1749265507,6.11200000,300.37000000,6.131
1749265507,6.11100000,540.32000000,6.131
1749265507,6.11000000,302.57000000,6.131
1749265507,6.10900000,589.97000000,6.131
1749265507,6.10800000,302.12000000,6.131
1749265507,6.10700000,608.34000000,6.131
1749265507,6.10600000,423.60000000,6.131
1749265507,6.10500000,1137.61000000,6.131
1749265507,6.10400000,496.02000000,6.131
1749265507,6.10300000,538.13000000,6.131
1749265507,6.10200000,419.88000000,6.131
1749265507,6.10100000,1059.48000000,6.131
1749265507,6.10000000,1887.67000000,6.131
1749265507,6.09900000,706.78000000,6.131
1749265507,6.09800000,246.85000000,6.131
1749265507,6.09700000,628.94000000,6.131
1749265507,6.09600000,289.31000000,6.131
1749265507,6.09500000,509.04000000,6.131
1749265507,6.09400000,493.74000000,6.131
1749265507,6.09300000,284.00000000,6.131
1749265507,6.09200000,410.46000000,6.131
1749265507,6.09100000,538.56000000,6.131
1749265507,6.09000000,406.42000000,6.131
1749265507,6.08900000,373.56000000,6.131
1749265507,6.08800000,83.39000000,6.131
1749265507,6.08700000,968.17000000,6.131
1749265507,6.08600000,817.51000000,6.131
1749265507,6.08500000,89.02000000,6.131
1749265507,6.08400000,251.05000000,6.131
1749265507,6.08300000,21.57000000,6.131
1749265507,6.08200000,3.57000000,6.131
1749265507,6.08100000,1.63000000,6.131
1749265507,6.08000000,706.16000000,6.131
1749265507,6.07900000,306.93000000,6.131
1749265507,6.07800000,751.88000000,6.131
1749265507,6.07700000,87.40000000,6.131
1749265507,6.07600000,505.11000000,6.131
1749265507,6.07500000,159.62000000,6.131
1749265507,6.07400000,13.58000000,6.131
1749265507,6.07300000,4.48000000,6.131
1749265507,6.07200000,186.65000000,6.131
1749265507,6.07100000,382.89000000,6.131
1749265507,6.07000000,1978.41000000,6.131
1749265507,6.06900000,2572.36000000,6.131
1749265507,6.06800000,2065.51000000,6.131
1749265507,6.06700000,88.56000000,6.131
1749265507,6.06600000,4069.21000000,6.131
1749265507,6.06500000,2473.37000000,6.131
1749265507,6.06400000,158.15000000,6.131
1749265507,6.06300000,255.93000000,6.131
1749265507,6.06200000,10.76000000,6.131
1749265507,6.06100000,969.87000000,6.131
1749265507,6.06000000,268.67000000,6.131
1749265507,6.05900000,6.84000000,6.131
1749265507,6.05800000,2141.83000000,6.131
1749265507,6.05700000,178.89000000,6.131
1749265507,6.05600000,58.49000000,6.131
1749265507,6.05500000,183.92000000,6.131
1749265507,6.05300000,1.23000000,6.131
1749265507,6.05200000,1192.09000000,6.131
1749265507,6.05100000,359.94000000,6.131
1749265507,6.05000000,161.05000000,6.131
1749265507,6.04900000,147.45000000,6.131
1749265507,6.04800000,3438.57000000,6.131
1749265507,6.04700000,25.41000000,6.131
1749265507,6.04600000,265.13000000,6.131
1749265507,6.04500000,3652.82000000,6.131
1749265507,6.04400000,6.50000000,6.131
1749265507,6.04300000,324.05000000,6.131
1749265507,6.04200000,1834.59000000,6.131
1749265507,6.04100000,535.28000000,6.131
1749265507,6.04000000,1250.04000000,6.131
1749265507,6.03900000,1191.98000000,6.131
1749265507,6.03800000,497.46000000,6.131
1749265507,6.03700000,832.07000000,6.131
1749265507,6.03600000,587.40000000,6.131
1749265507,6.03500000,377.35000000,6.131
1749265507,6.03400000,301.48000000,6.131
1749265507,6.03300000,6.88000000,6.131
1749265507,6.03200000,501.18000000,6.131
1749265507,6.03100000,759.59000000,6.131
1749265507,6.03000000,37.09000000,6.131
1749265809,6.13100000,309.31000000,6.131
1749265809,6.13000000,990.26000000,6.131
1749265809,6.12900000,1040.91000000,6.131
1749265809,6.12800000,665.06000000,6.131
1749265809,6.12700000,1077.17000000,6.131
1749265809,6.12600000,1690.20000000,6.131
1749265809,6.12500000,3106.30000000,6.131
1749265809,6.12400000,3648.70000000,6.131
1749265809,6.12300000,2796.46000000,6.131
1749265809,6.12200000,4673.60000000,6.131
1749265809,6.12100000,6265.21000000,6.131
1749265809,6.12000000,3684.50000000,6.131
1749265809,6.11900000,2655.01000000,6.131
1749265809,6.11800000,1626.43000000,6.131
1749265809,6.11700000,1279.47000000,6.131
1749265809,6.11600000,3208.86000000,6.131
1749265809,6.11500000,6273.22000000,6.131
1749265809,6.11400000,646.41000000,6.131
1749265809,6.11300000,300.70000000,6.131
1749265809,6.11200000,2984.31000000,6.131
1749265809,6.11100000,528.84000000,6.131
1749265809,6.11000000,626.71000000,6.131
1749265809,6.10900000,549.06000000,6.131
1749265809,6.10800000,418.20000000,6.131
1749265809,6.10700000,633.57000000,6.131
1749265809,6.10600000,327.45000000,6.131
1749265809,6.10500000,858.21000000,6.131
1749265809,6.10400000,498.87000000,6.131
1749265809,6.10300000,424.88000000,6.131
1749265809,6.10200000,434.11000000,6.131
1749265809,6.10100000,1056.86000000,6.131
1749265809,6.10000000,1917.78000000,6.131
1749265809,6.09900000,718.13000000,6.131
1749265809,6.09800000,1084.70000000,6.131
1749265809,6.09700000,619.25000000,6.131
1749265809,6.09600000,296.84000000,6.131
1749265809,6.09500000,511.60000000,6.131
1749265809,6.09400000,622.93000000,6.131
1749265809,6.09300000,405.57000000,6.131
1749265809,6.09200000,297.10000000,6.131
1749265809,6.09100000,351.84000000,6.131
1749265809,6.09000000,2178.43000000,6.131
1749265809,6.08900000,555.67000000,6.131
1749265809,6.08800000,2065.54000000,6.131
1749265809,6.08700000,217.23000000,6.131
1749265809,6.08600000,817.51000000,6.131
1749265809,6.08500000,44.42000000,6.131
1749265809,6.08400000,170.08000000,6.131
1749265809,6.08300000,2495.44000000,6.131
1749265809,6.08200000,26.16000000,6.131
1749265809,6.08100000,486.29000000,6.131
1749265809,6.08000000,389.99000000,6.131
1749265809,6.07900000,734.98000000,6.131
1749265809,6.07800000,4.62000000,6.131
1749265809,6.07700000,87.40000000,6.131
1749265809,6.07600000,464.46000000,6.131
1749265809,6.07500000,3000.71000000,6.131
1749265809,6.07400000,2714.08000000,6.131
1749265809,6.07300000,205.34000000,6.131
1749265809,6.07200000,186.65000000,6.131
1749265809,6.07100000,362.48000000,6.131
1749265809,6.07000000,502.07000000,6.131
1749265809,6.06900000,81.50000000,6.131
1749265809,6.06800000,333.71000000,6.131
1749265809,6.06700000,10.24000000,6.131
1749265809,6.06600000,12.38000000,6.131
1749265809,6.06500000,31.41000000,6.131
1749265809,6.06400000,1828.23000000,6.131
1749265809,6.06300000,41.56000000,6.131
1749265809,6.06200000,324.25000000,6.131
1749265809,6.06100000,209.48000000,6.131
1749265809,6.06000000,268.67000000,6.131
1749265809,6.05900000,2482.79000000,6.131
1749265809,6.05800000,4297.13000000,6.131
1749265809,6.05700000,178.89000000,6.131
1749265809,6.05600000,83.35000000,6.131
1749265809,6.05500000,1.79000000,6.131
1749265809,6.05400000,1.79000000,6.131
1749265809,6.05300000,205.83000000,6.131
1749265809,6.05200000,1003.94000000,6.131
1749265809,6.05100000,381.38000000,6.131
1749265809,6.05000000,199.22000000,6.131
1749265809,6.04900000,185.91000000,6.131
1749265809,6.04800000,71.43000000,6.131
1749265809,6.04700000,2.60000000,6.131
1749265809,6.04600000,246.94000000,6.131
1749265809,6.04500000,57.67000000,6.131
1749265809,6.04400000,6.50000000,6.131
1749265809,6.04300000,498.12000000,6.131
1749265809,6.04200000,2329.32000000,6.131
1749265809,6.04100000,18.62000000,6.131
1749265809,6.04000000,2211.35000000,6.131
1749265809,6.03900000,2.53000000,6.131
1749265809,6.03800000,57.92000000,6.131
1749265809,6.03700000,176.28000000,6.131
1749265809,6.03600000,38.93000000,6.131
1749265809,6.03500000,334.54000000,6.131
1749265809,6.03400000,634.57000000,6.131
1749265809,6.03300000,6.88000000,6.131
1749265809,6.03200000,3.85000000,6.131
1749266110,6.15100000,165.57000000,6.151
1749266110,6.15000000,1135.01000000,6.151
1749266110,6.14900000,1119.89000000,6.151
1749266110,6.14800000,1741.45000000,6.151
1749266110,6.14700000,1672.20000000,6.151
1749266110,6.14600000,4386.25000000,6.151
1749266110,6.14500000,5030.78000000,6.151
1749266110,6.14400000,4875.60000000,6.151
1749266110,6.14300000,2690.90000000,6.151
1749266110,6.14200000,3887.40000000,6.151
1749266110,6.14100000,4189.90000000,6.151
1749266110,6.14000000,4185.32000000,6.151
1749266110,6.13900000,2209.90000000,6.151
1749266110,6.13800000,1476.82000000,6.151
1749266110,6.13700000,1204.40000000,6.151
1749266110,6.13600000,724.43000000,6.151
1749266110,6.13500000,564.48000000,6.151
1749266110,6.13400000,638.35000000,6.151
1749266110,6.13300000,7678.70000000,6.151
1749266110,6.13200000,941.23000000,6.151
1749266110,6.13100000,418.51000000,6.151
1749266110,6.13000000,2739.27000000,6.151
1749266110,6.12900000,559.68000000,6.151
1749266110,6.12800000,821.32000000,6.151
1749266110,6.12700000,312.42000000,6.151
1749266110,6.12600000,310.24000000,6.151
1749266110,6.12500000,1202.44000000,6.151
1749266110,6.12400000,479.02000000,6.151
1749266110,6.12300000,990.62000000,6.151
1749266110,6.12200000,297.59000000,6.151
1749266110,6.12100000,733.44000000,6.151
1749266110,6.12000000,349.75000000,6.151
1749266110,6.11900000,543.43000000,6.151
1749266110,6.11800000,715.81000000,6.151
1749266110,6.11700000,204.70000000,6.151
1749266110,6.11600000,203.57000000,6.151
1749266110,6.11500000,416.99000000,6.151
1749266110,6.11400000,670.01000000,6.151
1749266110,6.11300000,218.60000000,6.151
1749266110,6.11200000,218.45000000,6.151
1749266110,6.11100000,433.33000000,6.151
1749266110,6.11000000,521.77000000,6.151
1749266110,6.10900000,251.14000000,6.151
1749266110,6.10800000,805.01000000,6.151
1749266110,6.10700000,218.69000000,6.151
1749266110,6.10600000,4.63000000,6.151
1749266110,6.10500000,125.78000000,6.151
1749266110,6.10400000,406.50000000,6.151
1749266110,6.10300000,217.51000000,6.151
1749266110,6.10200000,82.80000000,6.151
1749266110,6.10100000,643.30000000,6.151
1749266110,6.10000000,733.76000000,6.151
1749266110,6.09900000,304.83000000,6.151
1749266110,6.09800000,1697.48000000,6.151
1749266110,6.09700000,2067.18000000,6.151
1749266110,6.09600000,7.58000000,6.151
1749266110,6.09500000,359.46000000,6.151
1749266110,6.09400000,603.12000000,6.151
1749266110,6.09300000,2.81000000,6.151
1749266110,6.09200000,22.33000000,6.151
1749266110,6.09100000,537.84000000,6.151
1749266110,6.09000000,1642.93000000,6.151
1749266110,6.08900000,2240.56000000,6.151
1749266110,6.08800000,2467.69000000,6.151
1749266110,6.08700000,143.67000000,6.151
1749266110,6.08600000,7.95000000,6.151
1749266110,6.08500000,29.81000000,6.151
1749266110,6.08400000,170.08000000,6.151
1749266110,6.08300000,21.57000000,6.151
1749266110,6.08200000,26.16000000,6.151
1749266110,6.08100000,43.95000000,6.151
1749266110,6.08000000,389.99000000,6.151
1749266110,6.07900000,1288.26000000,6.151
1749266110,6.07800000,21.04000000,6.151
1749266110,6.07700000,87.40000000,6.151
1749266110,6.07600000,499.52000000,6.151
1749266110,6.07500000,1802.46000000,6.151
1749266110,6.07400000,2900.25000000,6.151
1749266110,6.07300000,4.64000000,6.151
1749266110,6.07200000,185.02000000,6.151
1749266110,6.07100000,360.85000000,6.151
1749266110,6.07000000,335.55000000,6.151
1749266110,6.06900000,3200.92000000,6.151
1749266110,6.06800000,332.08000000,6.151
1749266110,6.06700000,46.81000000,6.151
1749266110,6.06600000,504.43000000,6.151
1749266110,6.06500000,565.47000000,6.151
1749266110,6.06400000,189.94000000,6.151
1749266110,6.06300000,3.02000000,6.151
1749266110,6.06200000,373.14000000,6.151
1749266110,6.06100000,714.62000000,6.151
1749266110,6.06000000,267.03000000,6.151
1749266110,6.05900000,1823.82000000,6.151
1749266110,6.05800000,5944.29000000,6.151
1749266110,6.05700000,646.38000000,6.151
1749266110,6.05600000,43.86000000,6.151
1749266110,6.05500000,21.43000000,6.151
1749266110,6.05400000,333.49000000,6.151
1749266110,6.05300000,1.23000000,6.151
1749266110,6.05200000,987.45000000,6.151
1749266412,6.12500000,1333.97000000,6.126
1749266412,6.12400000,1222.25000000,6.126
1749266412,6.12300000,2787.13000000,6.126
1749266412,6.12200000,3165.60000000,6.126
1749266412,6.12100000,5470.39000000,6.126
1749266412,6.12000000,7004.63000000,6.126
1749266412,6.11900000,5391.34000000,6.126
1749266412,6.11800000,4207.71000000,6.126
1749266412,6.11700000,3844.11000000,6.126
1749266412,6.11600000,1356.48000000,6.126
1749266412,6.11500000,1538.51000000,6.126
1749266412,6.11400000,2158.44000000,6.126
1749266412,6.11300000,1223.78000000,6.126
1749266412,6.11200000,891.11000000,6.126
1749266412,6.11100000,1005.93000000,6.126
1749266412,6.11000000,6601.69000000,6.126
1749266412,6.10900000,587.52000000,6.126
1749266412,6.10800000,419.95000000,6.126
1749266412,6.10700000,545.75000000,6.126
1749266412,6.10600000,3068.88000000,6.126
1749266412,6.10500000,977.59000000,6.126
1749266412,6.10400000,508.34000000,6.126
1749266412,6.10300000,554.30000000,6.126
1749266412,6.10200000,877.43000000,6.126
1749266412,6.10100000,877.75000000,6.126
1749266412,6.10000000,695.95000000,6.126
1749266412,6.09900000,526.19000000,6.126
1749266412,6.09800000,470.16000000,6.126
1749266412,6.09700000,305.53000000,6.126
1749266412,6.09600000,310.79000000,6.126
1749266412,6.09500000,430.49000000,6.126
1749266412,6.09400000,636.61000000,6.126
1749266412,6.09300000,306.51000000,6.126
1749266412,6.09200000,231.39000000,6.126
1749266412,6.09100000,448.09000000,6.126
1749266412,6.09000000,307.17000000,6.126
1749266412,6.08900000,779.68000000,6.126
1749266412,6.08800000,2692.61000000,6.126
1749266412,6.08700000,441.45000000,6.126
1749266412,6.08600000,674.74000000,6.126
1749266412,6.08500000,2122.32000000,6.126
1749266412,6.08400000,394.60000000,6.126
1749266412,6.08300000,2085.48000000,6.126
1749266412,6.08200000,26.16000000,6.126
1749266412,6.08100000,808.57000000,6.126
1749266412,6.08000000,421.47000000,6.126
1749266412,6.07900000,1116.01000000,6.126
1749266412,6.07800000,639.69000000,6.126
1749266412,6.07700000,88.23000000,6.126
1749266412,6.07600000,44.57000000,6.126
1749266412,6.07500000,188.64000000,6.126
1749266412,6.07400000,4189.24000000,6.126
1749266412,6.07300000,5.35000000,6.126
1749266412,6.07200000,186.65000000,6.126
1749266412,6.07100000,563.41000000,6.126
1749266412,6.07000000,2027.34000000,6.126
1749266412,6.06900000,2.55000000,6.126
1749266412,6.06800000,333.71000000,6.126
1749266412,6.06700000,564.13000000,6.126
1749266412,6.06600000,182.85000000,6.126
1749266412,6.06500000,179.98000000,6.126
1749266412,6.06400000,136.39000000,6.126
1749266412,6.06300000,4.65000000,6.126
1749266412,6.06200000,324.24000000,6.126
1749266412,6.06100000,518.61000000,6.126
1749266412,6.06000000,306.78000000,6.126
1749266412,6.05900000,1651.31000000,6.126
1749266412,6.05800000,4257.37000000,6.126
1749266412,6.05700000,200.13000000,6.126
1749266412,6.05600000,42.15000000,6.126
1749266412,6.05500000,363.13000000,6.126
1749266412,6.05400000,3.43000000,6.126
1749266412,6.05300000,19.22000000,6.126
1749266412,6.05200000,990.15000000,6.126
1749266412,6.05100000,1.64000000,6.126
1749266412,6.05000000,4497.05000000,6.126
1749266412,6.04900000,151.12000000,6.126
1749266412,6.04800000,130.34000000,6.126
1749266412,6.04700000,2.60000000,6.126
1749266412,6.04600000,188.00000000,6.126
1749266412,6.04500000,57.67000000,6.126
1749266412,6.04400000,6.50000000,6.126
1749266412,6.04300000,1.66000000,6.126
1749266412,6.04200000,1849.28000000,6.126
1749266412,6.04100000,3239.92000000,6.126
1749266412,6.04000000,1719.06000000,6.126
1749266412,6.03900000,540.30000000,6.126
1749266412,6.03800000,1.65000000,6.126
1749266412,6.03700000,57.84000000,6.126
1749266412,6.03600000,700.00000000,6.126
1749266412,6.03500000,72.08000000,6.126
1749266412,6.03400000,416.32000000,6.126
1749266412,6.03300000,6.88000000,6.126
1749266412,6.03200000,3.85000000,6.126
1749266412,6.03100000,7.03000000,6.126
1749266412,6.03000000,176.64000000,6.126
1749266412,6.02800000,797.42000000,6.126
1749266412,6.02700000,1.19000000,6.126
1749266412,6.02600000,40.27000000,6.126
1749266412,6.02500000,171.01000000,6.126
1749266714,6.19000000,235.16000000,6.19
1749266714,6.18900000,1080.90000000,6.19
1749266714,6.18800000,1431.48000000,6.19
1749266714,6.18700000,1636.10000000,6.19
1749266714,6.18600000,2427.95000000,6.19
1749266714,6.18500000,2863.00000000,6.19
1749266714,6.18400000,2173.16000000,6.19
1749266714,6.18300000,2614.42000000,6.19
1749266714,6.18200000,4045.56000000,6.19
1749266714,6.18100000,3517.96000000,6.19
1749266714,6.18000000,7374.54000000,6.19
1749266714,6.17900000,5580.72000000,6.19
1749266714,6.17800000,2704.39000000,6.19
1749266714,6.17700000,1594.44000000,6.19
1749266714,6.17600000,1729.20000000,6.19
1749266714,6.17500000,641.97000000,6.19
1749266714,6.17400000,1014.01000000,6.19
1749266714,6.17300000,573.83000000,6.19
1749266714,6.17200000,541.74000000,6.19
1749266714,6.17100000,2598.90000000,6.19
1749266714,6.17000000,424.58000000,6.19
1749266714,6.16900000,766.11000000,6.19
1749266714,6.16800000,1903.03000000,6.19
1749266714,6.16700000,611.09000000,6.19
1749266714,6.16600000,5996.80000000,6.19
1749266714,6.16500000,402.62000000,6.19
1749266714,6.16400000,569.03000000,6.19
1749266714,6.16300000,499.09000000,6.19
1749266714,6.16200000,443.62000000,6.19
1749266714,6.16100000,385.77000000,6.19
1749266714,6.16000000,688.69000000,6.19
1749266714,6.15900000,836.36000000,6.19
1749266714,6.15800000,494.78000000,6.19
1749266714,6.15700000,458.45000000,6.19
1749266714,6.15600000,1696.45000000,6.19
1749266714,6.15500000,226.42000000,6.19
1749266714,6.15400000,1003.82000000,6.19
1749266714,6.15300000,225.88000000,6.19
1749266714,6.15200000,991.22000000,6.19
1749266714,6.15100000,224.27000000,6.19
1749266714,6.15000000,383.41000000,6.19
1749266714,6.14900000,474.57000000,6.19
1749266714,6.14800000,642.25000000,6.19
1749266714,6.14700000,225.98000000,6.19
1749266714,6.14600000,83.44000000,6.19
1749266714,6.14500000,18.37000000,6.19
1749266714,6.14400000,170.08000000,6.19
1749266714,6.14300000,769.47000000,6.19
1749266714,6.14200000,82.31000000,6.19
1749266714,6.14100000,1.63000000,6.19
1749266714,6.14000000,182.94000000,6.19
1749266714,6.13900000,736.81000000,6.19
1749266714,6.13800000,82.31000000,6.19
1749266714,6.13700000,2.87000000,6.19
1749266714,6.13600000,1.64000000,6.19
1749266714,6.13500000,219.28000000,6.19
1749266714,6.13400000,1021.20000000,6.19
1749266714,6.13300000,84.95000000,6.19
1749266714,6.13200000,4.56000000,6.19
1749266714,6.13100000,137.63000000,6.19
1749266714,6.13000000,2.83000000,6.19
1749266714,6.12900000,498.14000000,6.19
1749266714,6.12800000,3.93000000,6.19
1749266714,6.12700000,589.13000000,6.19
1749266714,6.12600000,468.16000000,6.19
1749266714,6.12500000,1030.76000000,6.19
1749266714,6.12400000,244.95000000,6.19
1749266714,6.12300000,417.71000000,6.19
1749266714,6.12200000,70.68000000,6.19
1749266714,6.12100000,398.17000000,6.19
1749266714,6.12000000,750.24000000,6.19
1749266714,6.11900000,343.62000000,6.19
1749266714,6.11800000,1.64000000,6.19
1749266714,6.11700000,6.46000000,6.19
1749266714,6.11600000,5.51000000,6.19
1749266714,6.11500000,689.63000000,6.19
1749266714,6.11400000,169.77000000,6.19
1749266714,6.11300000,1.23000000,6.19
1749266714,6.11200000,244.32000000,6.19
1749266714,6.11100000,134.76000000,6.19
1749266714,6.11000000,319.94000000,6.19
1749266714,6.10900000,579.95000000,6.19
1749266714,6.10800000,6.07000000,6.19
1749266714,6.10700000,135.99000000,6.19
1749266714,6.10600000,1640.74000000,6.19
1749266714,6.10500000,1723.50000000,6.19
1749266714,6.10400000,334.78000000,6.19
1749266714,6.10300000,415.82000000,6.19
1749266714,6.10200000,37.31000000,6.19
1749266714,6.10100000,853.52000000,6.19
1749266714,6.10000000,577.97000000,6.19
1749266714,6.09900000,303.21000000,6.19
1749266714,6.09800000,43.81000000,6.19
1749266714,6.09700000,1.65000000,6.19
1749266714,6.09600000,369.90000000,6.19
1749266714,6.09500000,51.11000000,6.19
1749266714,6.09400000,712.03000000,6.19
1749266714,6.09300000,33.66000000,6.19
1749266714,6.09200000,498.05000000,6.19
1749266714,6.09100000,23.29000000,6.19
1749267015,6.15300000,336.91000000,6.153
1749267015,6.15200000,1271.28000000,6.153
1749267015,6.15100000,3844.76000000,6.153
1749267015,6.15000000,3187.68000000,6.153
1749267015,6.14900000,2435.28000000,6.153
1749267015,6.14800000,2661.80000000,6.153
1749267015,6.14700000,2793.19000000,6.153
1749267015,6.14600000,9762.71000000,6.153
1749267015,6.14500000,3777.08000000,6.153
1749267015,6.14400000,3206.38000000,6.153
1749267015,6.14300000,4750.70000000,6.153
1749267015,6.14200000,1793.28000000,6.153
1749267015,6.14100000,2560.45000000,6.153
1749267015,6.14000000,2007.40000000,6.153
1749267015,6.13900000,2729.74000000,6.153
1749267015,6.13800000,1450.69000000,6.153
1749267015,6.13700000,1962.23000000,6.153
1749267015,6.13600000,317.12000000,6.153
1749267015,6.13500000,6115.12000000,6.153
1749267015,6.13400000,624.32000000,6.153
1749267015,6.13300000,398.37000000,6.153
1749267015,6.13200000,826.36000000,6.153
1749267015,6.13100000,449.25000000,6.153
1749267015,6.13000000,1232.28000000,6.153
1749267015,6.12900000,457.07000000,6.153
1749267015,6.12800000,296.63000000,6.153
1749267015,6.12700000,918.85000000,6.153
1749267015,6.12600000,362.66000000,6.153
1749267015,6.12500000,391.53000000,6.153
1749267015,6.12400000,383.54000000,6.153
1749267015,6.12300000,469.94000000,6.153
1749267015,6.12200000,442.89000000,6.153
1749267015,6.12100000,1307.78000000,6.153
1749267015,6.12000000,289.71000000,6.153
1749267015,6.11900000,635.76000000,6.153
1749267015,6.11800000,294.93000000,6.153
1749267015,6.11700000,220.51000000,6.153
1749267015,6.11600000,392.87000000,6.153
1749267015,6.11500000,350.55000000,6.153
1749267015,6.11400000,384.81000000,6.153
1749267015,6.11300000,293.77000000,6.153
1749267015,6.11200000,214.68000000,6.153
1749267015,6.11100000,218.12000000,6.153
1749267015,6.11000000,382.55000000,6.153
1749267015,6.10900000,639.42000000,6.153
1749267015,6.10800000,4127.02000000,6.153
1749267015,6.10700000,2309.77000000,6.153
1749267015,6.10600000,476.94000000,6.153
1749267015,6.10500000,360.17000000,6.153
1749267015,6.10400000,174.29000000,6.153
1749267015,6.10300000,151.61000000,6.153
1749267015,6.10200000,597.42000000,6.153
1749267015,6.10100000,489.27000000,6.153
1749267015,6.10000000,480.46000000,6.153
1749267015,6.09900000,388.86000000,6.153
1749267015,6.09800000,2590.55000000,6.153
1749267015,6.09700000,19.65000000,6.153
1749267015,6.09600000,8.81000000,6.153
1749267015,6.09500000,55.00000000,6.153
1749267015,6.09400000,344.19000000,6.153
1749267015,6.09300000,4.03000000,6.153
1749267015,6.09200000,5.95000000,6.153
1749267015,6.09100000,208.94000000,6.153
1749267015,6.09000000,2268.78000000,6.153
1749267015,6.08900000,3952.76000000,6.153
1749267015,6.08800000,569.58000000,6.153
1749267015,6.08700000,1687.07000000,6.153
1749267015,6.08600000,1148.10000000,6.153
1749267015,6.08500000,19.60000000,6.153
1749267015,6.08400000,228.90000000,6.153
1749267015,6.08300000,599.44000000,6.153
1749267015,6.08200000,422.59000000,6.153
1749267015,6.08100000,288.15000000,6.153
1749267015,6.08000000,377.91000000,6.153
1749267015,6.07900000,1.63000000,6.153
1749267015,6.07800000,4.62000000,6.153
1749267015,6.07700000,70.06000000,6.153
1749267015,6.07600000,248.47000000,6.153
1749267015,6.07500000,157.99000000,6.153
1749267015,6.07400000,59.73000000,6.153
1749267015,6.07300000,84.89000000,6.153
1749267015,6.07200000,189.86000000,6.153
1749267015,6.07100000,445.49000000,6.153
1749267015,6.07000000,183.40000000,6.153
1749267015,6.06900000,0.92000000,6.153
1749267015,6.06800000,141.27000000,6.153
1749267015,6.06700000,8.61000000,6.153
1749267015,6.06600000,545.57000000,6.153
1749267015,6.06500000,12.10000000,6.153
1749267015,6.06400000,494.76000000,6.153
1749267015,6.06300000,1695.13000000,6.153
1749267015,6.06200000,60.98000000,6.153
1749267015,6.06100000,2.06000000,6.153
1749267015,6.06000000,267.03000000,6.153
1749267015,6.05900000,3.97000000,6.153
1749267015,6.05800000,1499.75000000,6.153
1749267015,6.05700000,665.14000000,6.153
1749267015,6.05600000,39.28000000,6.153
1749267015,6.05500000,495.44000000,6.153
1749267015,6.05300000,16.35000000,6.153
1749267317,6.14100000,906.11000000,6.141
1749267317,6.14000000,1320.79000000,6.141
1749267317,6.13900000,2347.75000000,6.141
1749267317,6.13800000,2829.08000000,6.141
1749267317,6.13700000,4209.57000000,6.141
1749267317,6.13600000,3257.03000000,6.141
1749267317,6.13500000,5952.68000000,6.141
1749267317,6.13400000,8467.96000000,6.141
1749267317,6.13300000,3900.95000000,6.141
1749267317,6.13200000,3655.40000000,6.141
1749267317,6.13100000,2158.66000000,6.141
1749267317,6.13000000,3039.07000000,6.141
1749267317,6.12900000,2585.99000000,6.141
1749267317,6.12800000,683.08000000,6.141
1749267317,6.12700000,2716.53000000,6.141
1749267317,6.12600000,6895.21000000,6.141
1749267317,6.12500000,1469.37000000,6.141
1749267317,6.12400000,677.03000000,6.141
1749267317,6.12300000,662.17000000,6.141
1749267317,6.12200000,753.63000000,6.141
1749267317,6.12100000,421.57000000,6.141
1749267317,6.12000000,1573.01000000,6.141
1749267317,6.11900000,734.76000000,6.141
1749267317,6.11800000,393.93000000,6.141
1749267317,6.11700000,223.77000000,6.141
1749267317,6.11600000,392.87000000,6.141
1749267317,6.11500000,351.58000000,6.141
1749267317,6.11400000,426.34000000,6.141
1749267317,6.11300000,293.77000000,6.141
1749267317,6.11200000,214.68000000,6.141
1749267317,6.11100000,1000.57000000,6.141
1749267317,6.11000000,514.01000000,6.141
1749267317,6.10900000,459.27000000,6.141
1749267317,6.10800000,218.38000000,6.141
1749267317,6.10700000,425.20000000,6.141
1749267317,6.10600000,415.85000000,6.141
1749267317,6.10500000,1302.44000000,6.141
1749267317,6.10400000,462.22000000,6.141
1749267317,6.10300000,342.23000000,6.141
1749267317,6.10200000,289.31000000,6.141
1749267317,6.10100000,448.92000000,6.141
1749267317,6.10000000,497.27000000,6.141
1749267317,6.09900000,474.48000000,6.141
1749267317,6.09800000,124.99000000,6.141
1749267317,6.09700000,444.03000000,6.141
1749267317,6.09600000,1660.86000000,6.141
1749267317,6.09500000,132.28000000,6.141
1749267317,6.09400000,2316.88000000,6.141
1749267317,6.09300000,2707.98000000,6.141
1749267317,6.09200000,5.95000000,6.141
1749267317,6.09100000,143.43000000,6.141
1749267317,6.09000000,388.01000000,6.141
1749267317,6.08900000,723.55000000,6.141
1749267317,6.08800000,1.63000000,6.141
1749267317,6.08700000,2.85000000,6.141
1749267317,6.08600000,820.06000000,6.141
1749267317,6.08500000,89.79000000,6.141
1749267317,6.08400000,2.86000000,6.141
1749267317,6.08300000,41.49000000,6.141
1749267317,6.08200000,742.89000000,6.141
1749267317,6.08100000,1639.79000000,6.141
1749267317,6.08000000,2905.85000000,6.141
1749267317,6.07900000,245.91000000,6.141
1749267317,6.07800000,417.00000000,6.141
1749267317,6.07700000,239.58000000,6.141
1749267317,6.07600000,44.57000000,6.141
1749267317,6.07500000,159.62000000,6.141
1749267317,6.07400000,1701.40000000,6.141
1749267317,6.07300000,20.91000000,6.141
1749267317,6.07200000,51.89000000,6.141
1749267317,6.07100000,382.99000000,6.141
1749267317,6.07000000,722.10000000,6.141
1749267317,6.06900000,97.95000000,6.141
1749267317,6.06800000,1972.93000000,6.141
1749267317,6.06700000,3270.41000000,6.141
1749267317,6.06600000,11.49000000,6.141
1749267317,6.06500000,67.27000000,6.141
1749267317,6.06300000,643.98000000,6.141
1749267317,6.06200000,287.42000000,6.141
1749267317,6.06100000,2.06000000,6.141
1749267317,6.06000000,283.50000000,6.141
1749267317,6.05900000,3.97000000,6.141
1749267317,6.05800000,1516.22000000,6.141
1749267317,6.05600000,39.28000000,6.141
1749267317,6.05500000,32.70000000,6.141
1749267317,6.05200000,576.65000000,6.141
1749267317,6.05100000,737.60000000,6.141
1749267317,6.05000000,6619.43000000,6.141
1749267317,6.04900000,551.30000000,6.141
1749267317,6.04800000,48.49000000,6.141
1749267317,6.04700000,1730.97000000,6.141
1749267317,6.04600000,820.16000000,6.141
1749267317,6.04500000,4.15000000,6.141
1749267317,6.04400000,39.53000000,6.141
1749267317,6.04300000,2.69000000,6.141
1749267317,6.04200000,39.71000000,6.141
1749267317,6.04100000,943.17000000,6.141
1749267317,6.04000000,1719.06000000,6.141
1749267317,6.03900000,297.61000000,6.141
1749267317,6.03800000,1.65000000,6.141
1749267618,6.14400000,8.82000000,6.144
1749267618,6.14300000,1755.82000000,6.144
1749267618,6.14200000,4403.81000000,6.144
1749267618,6.14100000,1192.79000000,6.144
1749267618,6.14000000,1639.52000000,6.144
1749267618,6.13900000,3052.27000000,6.144
1749267618,6.13800000,3537.62000000,6.144
1749267618,6.13700000,5613.54000000,6.144
1749267618,6.13600000,7356.53000000,6.144
1749267618,6.13500000,6532.43000000,6.144
1749267618,6.13400000,2987.47000000,6.144
1749267618,6.13300000,4498.42000000,6.144
1749267618,6.13200000,8495.17000000,6.144
1749267618,6.13100000,799.07000000,6.144
1749267618,6.13000000,421.67000000,6.144
1749267618,6.12900000,634.09000000,6.144
1749267618,6.12800000,649.86000000,6.144
1749267618,6.12700000,800.89000000,6.144
1749267618,6.12600000,1901.17000000,6.144
1749267618,6.12500000,472.35000000,6.144
1749267618,6.12400000,1319.56000000,6.144
1749267618,6.12300000,469.94000000,6.144
1749267618,6.12200000,628.79000000,6.144
1749267618,6.12100000,322.57000000,6.144
1749267618,6.12000000,288.60000000,6.144
1749267618,6.11900000,635.76000000,6.144
1749267618,6.11800000,848.26000000,6.144
1749267618,6.11700000,223.77000000,6.144
1749267618,6.11600000,392.87000000,6.144
1749267618,6.11500000,351.58000000,6.144
1749267618,6.11400000,459.74000000,6.144
1749267618,6.11300000,293.77000000,6.144
1749267618,6.11200000,214.68000000,6.144
1749267618,6.11100000,446.80000000,6.144
1749267618,6.11000000,550.21000000,6.144
1749267618,6.10900000,467.45000000,6.144
1749267618,6.10800000,218.38000000,6.144
1749267618,6.10700000,417.92000000,6.144
1749267618,6.10600000,1651.91000000,6.144
1749267618,6.10500000,1358.35000000,6.144
1749267618,6.10400000,455.53000000,6.144
1749267618,6.10300000,337.47000000,6.144
1749267618,6.10200000,83.49000000,6.144
1749267618,6.10100000,797.03000000,6.144
1749267618,6.10000000,293.96000000,6.144
1749267618,6.09900000,451.52000000,6.144
1749267618,6.09800000,124.99000000,6.144
1749267618,6.09700000,3.28000000,6.144
1749267618,6.09600000,1660.86000000,6.144
1749267618,6.09500000,155.26000000,6.144
1749267618,6.09400000,2316.88000000,6.144
1749267618,6.09300000,2707.98000000,6.144
1749267618,6.09200000,5.95000000,6.144
1749267618,6.09100000,143.43000000,6.144
1749267618,6.09000000,388.01000000,6.144
1749267618,6.08900000,887.92000000,6.144
1749267618,6.08800000,161.73000000,6.144
1749267618,6.08700000,81.56000000,6.144
1749267618,6.08600000,820.06000000,6.144
1749267618,6.08500000,9.76000000,6.144
1749267618,6.08400000,2.86000000,6.144
1749267618,6.08300000,242.02000000,6.144
1749267618,6.08200000,1107.24000000,6.144
1749267618,6.08100000,1639.79000000,6.144
1749267618,6.08000000,2907.67000000,6.144
1749267618,6.07900000,245.91000000,6.144
1749267618,6.07800000,13.73000000,6.144
1749267618,6.07700000,71.69000000,6.144
1749267618,6.07600000,44.57000000,6.144
1749267618,6.07500000,256.56000000,6.144
1749267618,6.07400000,1701.40000000,6.144
1749267618,6.07300000,4.48000000,6.144
1749267618,6.07200000,68.33000000,6.144
1749267618,6.07100000,403.41000000,6.144
1749267618,6.07000000,168.73000000,6.144
1749267618,6.06900000,2.55000000,6.144
1749267618,6.06800000,1969.66000000,6.144
1749267618,6.06700000,3261.28000000,6.144
1749267618,6.06600000,215.73000000,6.144
1749267618,6.06500000,83.72000000,6.144
1749267618,6.06300000,405.23000000,6.144
1749267618,6.06200000,303.88000000,6.144
1749267618,6.06100000,2.06000000,6.144
1749267618,6.06000000,358.21000000,6.144
1749267618,6.05900000,333.48000000,6.144
1749267618,6.05800000,1499.75000000,6.144
1749267618,6.05700000,1715.80000000,6.144
1749267618,6.05600000,40.42000000,6.144
1749267618,6.05500000,16.35000000,6.144
1749267618,6.05400000,32.97000000,6.144
1749267618,6.05300000,23.26000000,6.144
1749267618,6.05200000,220.96000000,6.144
1749267618,6.05100000,2338.66000000,6.144
1749267618,6.05000000,4456.01000000,6.144
