timestamp,price,volume,current_price
1749254474,5.99100000,416.86000000,5.991
1749254474,5.99000000,857.07000000,5.991
1749254474,5.98900000,1240.98000000,5.991
1749254474,5.98800000,1914.78000000,5.991
1749254474,5.98700000,2153.32000000,5.991
1749254474,5.98600000,1919.42000000,5.991
1749254474,5.98500000,3938.14000000,5.991
1749254474,5.98400000,3749.00000000,5.991
1749254474,5.98300000,4844.59000000,5.991
1749254474,5.98200000,4383.72000000,5.991
1749254474,5.98100000,4594.32000000,5.991
1749254474,5.98000000,2227.08000000,5.991
1749254474,5.97900000,506.97000000,5.991
1749254474,5.97800000,1029.67000000,5.991
1749254474,5.97700000,1052.95000000,5.991
1749254474,5.97600000,557.68000000,5.991
1749254474,5.97500000,846.35000000,5.991
1749254474,5.97400000,327.51000000,5.991
1749254474,5.97300000,373.38000000,5.991
1749254474,5.97200000,5901.30000000,5.991
1749254474,5.97100000,529.05000000,5.991
1749254474,5.97000000,577.55000000,5.991
1749254474,5.96900000,372.34000000,5.991
1749254474,5.96800000,753.10000000,5.991
1749254474,5.96700000,508.09000000,5.991
1749254474,5.96600000,571.24000000,5.991
1749254474,5.96500000,456.56000000,5.991
1749254474,5.96400000,863.17000000,5.991
1749254474,5.96300000,448.23000000,5.991
1749254474,5.96200000,369.99000000,5.991
1749254474,5.96100000,278.80000000,5.991
1749254474,5.96000000,616.47000000,5.991
1749254474,5.95900000,434.96000000,5.991
1749254474,5.95800000,292.59000000,5.991
1749254474,5.95700000,197.62000000,5.991
1749254474,5.95600000,194.21000000,5.991
1749254474,5.95500000,312.38000000,5.991
1749254474,5.95400000,228.94000000,5.991
1749254474,5.95300000,574.86000000,5.991
1749254474,5.95200000,502.88000000,5.991
1749254474,5.95100000,1008.50000000,5.991
1749254474,5.95000000,1605.80000000,5.991
1749254474,5.94900000,6.66000000,5.991
1749254474,5.94800000,20.67000000,5.991
1749254474,5.94700000,19.22000000,5.991
1749254474,5.94600000,1.67000000,5.991
1749254474,5.94500000,187.69000000,5.991
1749254474,5.94400000,179.05000000,5.991
1749254474,5.94300000,583.14000000,5.991
1749254474,5.94200000,176.63000000,5.991
1749254474,5.94100000,1678.42000000,5.991
1749254474,5.94000000,69.55000000,5.991
1749254474,5.93900000,6.42000000,5.991
1749254474,5.93800000,2.64000000,5.991
1749254474,5.93700000,390.24000000,5.991
1749254474,5.93600000,171.38000000,5.991
1749254474,5.93500000,1315.43000000,5.991
1749254474,5.93400000,1792.30000000,5.991
1749254474,5.93300000,2168.85000000,5.991
1749254474,5.93200000,2.85000000,5.991
1749254474,5.93100000,23.38000000,5.991
1749254474,5.93000000,2711.93000000,5.991
1749254474,5.92900000,5.39000000,5.991
1749254474,5.92800000,437.56000000,5.991
1749254474,5.92700000,14.57000000,5.991
1749254474,5.92600000,387.02000000,5.991
1749254474,5.92500000,202.58000000,5.991
1749254474,5.92400000,2405.46000000,5.991
1749254474,5.92300000,1.67000000,5.991
1749254474,5.92200000,708.04000000,5.991
1749254474,5.92100000,175.99000000,5.991
1749254474,5.92000000,149.37000000,5.991
1749254474,5.91900000,13.50000000,5.991
1749254474,5.91800000,173.83000000,5.991
1749254474,5.91700000,1.67000000,5.991
1749254474,5.91600000,21.31000000,5.991
1749254474,5.91500000,679.73000000,5.991
1749254474,5.91400000,278.57000000,5.991
1749254474,5.91300000,2.92000000,5.991
1749254474,5.91200000,201.12000000,5.991
1749254474,5.91100000,1002.99000000,5.991
1749254474,5.91000000,70.24000000,5.991
1749254474,5.90900000,5.84000000,5.991
1749254474,5.90800000,460.02000000,5.991
1749254474,5.90700000,842.09000000,5.991
1749254474,5.90600000,2072.10000000,5.991
1749254474,5.90500000,2736.67000000,5.991
1749254474,5.90400000,217.12000000,5.991
1749254474,5.90300000,1.29000000,5.991
1749254474,5.90200000,510.26000000,5.991
1749254474,5.90100000,3342.65000000,5.991
1749254474,5.90000000,8096.72000000,5.991
1749254474,5.89900000,311.81000000,5.991
1749254474,5.89800000,1.18000000,5.991
1749254474,5.89700000,0.87000000,5.991
1749254474,5.89600000,178.73000000,5.991
1749254474,5.89500000,530.48000000,5.991
1749254474,5.89400000,508.96000000,5.991
1749254474,5.89300000,48.29000000,5.991
1749254474,5.89200000,151.43000000,5.991
1749254776,5.99700000,571.65000000,5.997
1749254776,5.99600000,395.85000000,5.997
1749254776,5.99500000,1093.38000000,5.997
1749254776,5.99400000,1371.65000000,5.997
1749254776,5.99300000,1504.66000000,5.997
1749254776,5.99200000,2047.41000000,5.997
1749254776,5.99100000,6477.92000000,5.997
1749254776,5.99000000,5698.23000000,5.997
1749254776,5.98900000,2912.22000000,5.997
1749254776,5.98800000,2958.68000000,5.997
1749254776,5.98700000,5300.55000000,5.997
1749254776,5.98600000,2535.23000000,5.997
1749254776,5.98500000,2085.73000000,5.997
1749254776,5.98400000,583.10000000,5.997
1749254776,5.98300000,851.90000000,5.997
1749254776,5.98200000,973.51000000,5.997
1749254776,5.98100000,7929.59000000,5.997
1749254776,5.98000000,978.90000000,5.997
1749254776,5.97900000,505.68000000,5.997
1749254776,5.97800000,374.39000000,5.997
1749254776,5.97700000,726.33000000,5.997
1749254776,5.97600000,556.41000000,5.997
1749254776,5.97500000,845.09000000,5.997
1749254776,5.97400000,326.58000000,5.997
1749254776,5.97300000,370.98000000,5.997
1749254776,5.97200000,370.16000000,5.997
1749254776,5.97100000,1430.07000000,5.997
1749254776,5.97000000,460.78000000,5.997
1749254776,5.96900000,273.34000000,5.997
1749254776,5.96800000,288.95000000,5.997
1749254776,5.96700000,407.89000000,5.997
1749254776,5.96600000,472.24000000,5.997
1749254776,5.96500000,357.56000000,5.997
1749254776,5.96400000,196.52000000,5.997
1749254776,5.96300000,448.23000000,5.997
1749254776,5.96200000,277.06000000,5.997
1749254776,5.96100000,278.80000000,5.997
1749254776,5.96000000,612.30000000,5.997
1749254776,5.95900000,414.96000000,5.997
1749254776,5.95800000,1107.24000000,5.997
1749254776,5.95700000,194.90000000,5.997
1749254776,5.95600000,187.32000000,5.997
1749254776,5.95500000,87.84000000,5.997
1749254776,5.95400000,124.14000000,5.997
1749254776,5.95300000,304.87000000,5.997
1749254776,5.95200000,231.97000000,5.997
1749254776,5.95100000,2.91000000,5.997
1749254776,5.95000000,1335.89000000,5.997
1749254776,5.94900000,6.66000000,5.997
1749254776,5.94800000,19.74000000,5.997
1749254776,5.94700000,19.22000000,5.997
1749254776,5.94600000,1.67000000,5.997
1749254776,5.94500000,187.69000000,5.997
1749254776,5.94400000,179.05000000,5.997
1749254776,5.94300000,583.14000000,5.997
1749254776,5.94200000,8.78000000,5.997
1749254776,5.94100000,1701.49000000,5.997
1749254776,5.94000000,237.42000000,5.997
1749254776,5.93900000,21.36000000,5.997
1749254776,5.93800000,2.64000000,5.997
1749254776,5.93700000,390.24000000,5.997
1749254776,5.93600000,171.38000000,5.997
1749254776,5.93500000,1330.37000000,5.997
1749254776,5.93400000,1748.19000000,5.997
1749254776,5.93300000,2168.85000000,5.997
1749254776,5.93200000,2.85000000,5.997
1749254776,5.93100000,23.38000000,5.997
1749254776,5.93000000,2711.93000000,5.997
1749254776,5.92900000,5.39000000,5.997
1749254776,5.92800000,437.56000000,5.997
1749254776,5.92700000,14.57000000,5.997
1749254776,5.92600000,387.02000000,5.997
1749254776,5.92500000,202.58000000,5.997
1749254776,5.92400000,2405.46000000,5.997
1749254776,5.92300000,1.67000000,5.997
1749254776,5.92200000,708.04000000,5.997
1749254776,5.92100000,174.32000000,5.997
1749254776,5.92000000,147.70000000,5.997
1749254776,5.91900000,11.83000000,5.997
1749254776,5.91800000,172.16000000,5.997
1749254776,5.91700000,16.87000000,5.997
1749254776,5.91600000,19.64000000,5.997
1749254776,5.91500000,679.73000000,5.997
1749254776,5.91400000,295.44000000,5.997
1749254776,5.91300000,2.92000000,5.997
1749254776,5.91200000,708.58000000,5.997
1749254776,5.91100000,1002.99000000,5.997
1749254776,5.91000000,70.24000000,5.997
1749254776,5.90900000,5.84000000,5.997
1749254776,5.90800000,443.13000000,5.997
1749254776,5.90700000,1333.10000000,5.997
1749254776,5.90600000,2072.10000000,5.997
1749254776,5.90500000,2758.64000000,5.997
1749254776,5.90400000,218.20000000,5.997
1749254776,5.90300000,509.47000000,5.997
1749254776,5.90200000,2705.12000000,5.997
1749254776,5.90100000,3342.65000000,5.997
1749254776,5.90000000,7379.04000000,5.997
1749254776,5.89900000,311.81000000,5.997
1749254776,5.89800000,1.18000000,5.997
