timestamp,price,volume,current_price
1749258245,6.05000000,193.80000000,6.05
1749258245,6.04900000,361.17000000,6.05
1749258245,6.04800000,1477.12000000,6.05
1749258245,6.04700000,3860.79000000,6.05
1749258245,6.04600000,2945.80000000,6.05
1749258245,6.04500000,4223.54000000,6.05
1749258245,6.04400000,6830.54000000,6.05
1749258245,6.04300000,4461.76000000,6.05
1749258245,6.04200000,3454.13000000,6.05
1749258245,6.04100000,3867.88000000,6.05
1749258245,6.04000000,2646.93000000,6.05
1749258245,6.03900000,1441.75000000,6.05
1749258245,6.03800000,1751.79000000,6.05
1749258245,6.03700000,3096.10000000,6.05
1749258245,6.03600000,492.32000000,6.05
1749258245,6.03500000,466.32000000,6.05
1749258245,6.03400000,379.59000000,6.05
1749258245,6.03300000,5976.78000000,6.05
1749258245,6.03200000,465.14000000,6.05
1749258245,6.03100000,629.19000000,6.05
1749258245,6.03000000,539.93000000,6.05
1749258245,6.02900000,280.97000000,6.05
1749258245,6.02800000,487.82000000,6.05
1749258245,6.02700000,333.40000000,6.05
1749258245,6.02600000,312.68000000,6.05
1749258245,6.02500000,1125.30000000,6.05
1749258245,6.02400000,227.55000000,6.05
1749258245,6.02300000,416.54000000,6.05
1749258245,6.02200000,2376.41000000,6.05
1749258245,6.02100000,279.30000000,6.05
1749258245,6.02000000,961.26000000,6.05
1749258245,6.01900000,725.39000000,6.05
1749258245,6.01800000,308.20000000,6.05
1749258245,6.01700000,200.75000000,6.05
1749258245,6.01600000,1094.13000000,6.05
1749258245,6.01500000,541.05000000,6.05
1749258245,6.01400000,280.86000000,6.05
1749258245,6.01300000,197.75000000,6.05
1749258245,6.01200000,208.48000000,6.05
1749258245,6.01100000,424.15000000,6.05
1749258245,6.01000000,1520.75000000,6.05
1749258245,6.00900000,281.54000000,6.05
1749258245,6.00800000,317.05000000,6.05
1749258245,6.00700000,699.25000000,6.05
1749258245,6.00600000,5.67000000,6.05
1749258245,6.00500000,179.53000000,6.05
1749258245,6.00400000,13.77000000,6.05
1749258245,6.00300000,384.68000000,6.05
1749258245,6.00200000,3341.52000000,6.05
1749258245,6.00100000,166.72000000,6.05
1749258245,6.00000000,1581.33000000,6.05
1749258245,5.99900000,261.45000000,6.05
1749258245,5.99800000,69.54000000,6.05
1749258245,5.99700000,50.97000000,6.05
1749258245,5.99600000,71.17000000,6.05
1749258245,5.99500000,344.10000000,6.05
1749258245,5.99400000,3.00000000,6.05
1749258245,5.99300000,4.10000000,6.05
1749258245,5.99200000,261.74000000,6.05
1749258245,5.99100000,136.41000000,6.05
1749258245,5.99000000,214.30000000,6.05
1749258245,5.98900000,3.48000000,6.05
1749258245,5.98800000,568.33000000,6.05
1749258245,5.98700000,154.34000000,6.05
1749258245,5.98600000,5.83000000,6.05
1749258245,5.98500000,189.31000000,6.05
1749258245,5.98400000,2.92000000,6.05
1749258245,5.98300000,303.48000000,6.05
1749258245,5.98200000,26.48000000,6.05
1749258245,5.98100000,32.04000000,6.05
1749258245,5.98000000,233.88000000,6.05
1749258245,5.97900000,1777.65000000,6.05
1749258245,5.97800000,2000.55000000,6.05
1749258245,5.97700000,4.67000000,6.05
1749258245,5.97600000,2342.76000000,6.05
1749258245,5.97500000,3148.47000000,6.05
1749258245,5.97400000,154.11000000,6.05
1749258245,5.97300000,50.13000000,6.05
1749258245,5.97200000,4.18000000,6.05
1749258245,5.97100000,2674.64000000,6.05
1749258245,5.97000000,171.56000000,6.05
1749258245,5.96900000,28.95000000,6.05
1749258245,5.96700000,138.36000000,6.05
1749258245,5.96600000,30.99000000,6.05
1749258245,5.96500000,49.03000000,6.05
1749258245,5.96400000,829.72000000,6.05
1749258245,5.96300000,1735.78000000,6.05
1749258245,5.96200000,3503.17000000,6.05
1749258245,5.96100000,509.45000000,6.05
1749258245,5.96000000,169.60000000,6.05
1749258245,5.95900000,10.38000000,6.05
1749258245,5.95800000,20.87000000,6.05
1749258245,5.95700000,6.40000000,6.05
1749258245,5.95500000,43.83000000,6.05
1749258245,5.95400000,542.41000000,6.05
1749258245,5.95200000,1697.08000000,6.05
1749258245,5.95100000,83.87000000,6.05
1749258245,5.95000000,600.00000000,6.05
1749258245,5.94900000,19.70000000,6.05
1749258245,5.94800000,316.41000000,6.05
1749258552,6.03900000,208.80000000,6.04
1749258552,6.03800000,1039.45000000,6.04
1749258552,6.03700000,4046.69000000,6.04
1749258552,6.03600000,3932.21000000,6.04
1749258552,6.03500000,2304.57000000,6.04
1749258552,6.03400000,3683.98000000,6.04
1749258552,6.03300000,5916.11000000,6.04
1749258552,6.03200000,5814.30000000,6.04
1749258552,6.03100000,5100.10000000,6.04
1749258552,6.03000000,1429.47000000,6.04
1749258552,6.02900000,2471.80000000,6.04
1749258552,6.02800000,2159.01000000,6.04
1749258552,6.02700000,432.40000000,6.04
1749258552,6.02600000,751.88000000,6.04
1749258552,6.02500000,736.71000000,6.04
1749258552,6.02400000,540.38000000,6.04
1749258552,6.02300000,6154.27000000,6.04
1749258552,6.02200000,240.29000000,6.04
1749258552,6.02100000,373.68000000,6.04
1749258552,6.02000000,1000.71000000,6.04
1749258552,6.01900000,519.46000000,6.04
1749258552,6.01800000,1023.28000000,6.04
1749258552,6.01700000,206.23000000,6.04
1749258552,6.01600000,284.65000000,6.04
1749258552,6.01500000,763.58000000,6.04
1749258552,6.01400000,276.91000000,6.04
1749258552,6.01300000,195.42000000,6.04
1749258552,6.01200000,393.99000000,6.04
1749258552,6.01100000,863.55000000,6.04
1749258552,6.01000000,1557.92000000,6.04
1749258552,6.00900000,276.66000000,6.04
1749258552,6.00800000,281.29000000,6.04
1749258552,6.00700000,329.13000000,6.04
1749258552,6.00600000,279.07000000,6.04
1749258552,6.00500000,1181.81000000,6.04
1749258552,6.00400000,288.04000000,6.04
1749258552,6.00300000,535.10000000,6.04
1749258552,6.00200000,193.96000000,6.04
1749258552,6.00100000,1984.32000000,6.04
1749258552,6.00000000,2335.53000000,6.04
1749258552,5.99900000,460.49000000,6.04
1749258552,5.99800000,334.99000000,6.04
1749258552,5.99700000,43.64000000,6.04
1749258552,5.99600000,279.40000000,6.04
1749258552,5.99500000,344.10000000,6.04
1749258552,5.99400000,10.40000000,6.04
1749258552,5.99300000,4.10000000,6.04
1749258552,5.99200000,3.59000000,6.04
1749258552,5.99100000,136.41000000,6.04
1749258552,5.99000000,214.30000000,6.04
1749258552,5.98900000,1.65000000,6.04
1749258552,5.98800000,7.16000000,6.04
1749258552,5.98700000,259.26000000,6.04
1749258552,5.98600000,3254.18000000,6.04
1749258552,5.98500000,172.64000000,6.04
1749258552,5.98400000,34.34000000,6.04
1749258552,5.98300000,167.47000000,6.04
1749258552,5.98200000,249.90000000,6.04
1749258552,5.98100000,54.10000000,6.04
1749258552,5.98000000,217.19000000,6.04
1749258552,5.97900000,136.42000000,6.04
1749258552,5.97800000,2000.55000000,6.04
1749258552,5.97700000,4.67000000,6.04
1749258552,5.97600000,692.59000000,6.04
1749258552,5.97500000,2960.11000000,6.04
1749258552,5.97400000,155.77000000,6.04
1749258552,5.97300000,1.66000000,6.04
1749258552,5.97200000,22.55000000,6.04
1749258552,5.97100000,2925.00000000,6.04
1749258552,5.97000000,735.97000000,6.04
1749258552,5.96900000,30.61000000,6.04
1749258552,5.96800000,1.66000000,6.04
1749258552,5.96700000,140.02000000,6.04
1749258552,5.96600000,49.24000000,6.04
1749258552,5.96500000,1.66000000,6.04
1749258552,5.96400000,328.35000000,6.04
1749258552,5.96300000,1733.60000000,6.04
1749258552,5.96200000,3503.17000000,6.04
1749258552,5.96100000,39.65000000,6.04
1749258552,5.96000000,372.82000000,6.04
1749258552,5.95900000,8.52000000,6.04
1749258552,5.95800000,20.87000000,6.04
1749258552,5.95700000,534.94000000,6.04
1749258552,5.95500000,171.16000000,6.04
1749258552,5.95400000,559.08000000,6.04
1749258552,5.95200000,1680.31000000,6.04
1749258552,5.95000000,616.77000000,6.04
1749258552,5.94900000,2.92000000,6.04
1749258552,5.94800000,316.41000000,6.04
1749258552,5.94700000,18.72000000,6.04
1749258552,5.94400000,8.93000000,6.04
1749258552,5.94300000,13.82000000,6.04
1749258552,5.94200000,510.71000000,6.04
1749258552,5.94100000,127.46000000,6.04
1749258552,5.94000000,199.53000000,6.04
1749258552,5.93900000,3.50000000,6.04
1749258552,5.93800000,0.97000000,6.04
1749258552,5.93700000,3.69000000,6.04
1749258552,5.93600000,40.42000000,6.04
1749258552,5.93500000,1004.08000000,6.04
1749258867,6.05400000,480.20000000,6.055
1749258867,6.05300000,666.34000000,6.055
1749258867,6.05200000,882.38000000,6.055
1749258867,6.05100000,1251.22000000,6.055
1749258867,6.05000000,2428.25000000,6.055
1749258867,6.04900000,6255.20000000,6.055
1749258867,6.04800000,5509.90000000,6.055
1749258867,6.04700000,3703.71000000,6.055
1749258867,6.04600000,4330.10000000,6.055
1749258867,6.04500000,4542.48000000,6.055
1749258867,6.04400000,2066.70000000,6.055
1749258867,6.04300000,2094.25000000,6.055
1749258867,6.04200000,1405.97000000,6.055
1749258867,6.04100000,673.63000000,6.055
1749258867,6.04000000,1022.82000000,6.055
1749258867,6.03900000,427.00000000,6.055
1749258867,6.03800000,5945.99000000,6.055
1749258867,6.03700000,403.44000000,6.055
1749258867,6.03600000,538.17000000,6.055
1749258867,6.03500000,713.83000000,6.055
1749258867,6.03400000,621.61000000,6.055
1749258867,6.03300000,1465.97000000,6.055
1749258867,6.03200000,1934.68000000,6.055
1749258867,6.03100000,844.38000000,6.055
1749258867,6.03000000,452.24000000,6.055
1749258867,6.02900000,198.84000000,6.055
1749258867,6.02800000,357.92000000,6.055
1749258867,6.02700000,338.66000000,6.055
1749258867,6.02600000,312.68000000,6.055
1749258867,6.02500000,558.32000000,6.055
1749258867,6.02400000,257.30000000,6.055
1749258867,6.02300000,866.71000000,6.055
1749258867,6.02200000,259.37000000,6.055
1749258867,6.02100000,279.30000000,6.055
1749258867,6.02000000,961.27000000,6.055
1749258867,6.01900000,725.39000000,6.055
1749258867,6.01800000,349.08000000,6.055
1749258867,6.01700000,189.27000000,6.055
1749258867,6.01600000,1244.04000000,6.055
1749258867,6.01500000,756.01000000,6.055
1749258867,6.01400000,1975.20000000,6.055
1749258867,6.01300000,187.83000000,6.055
1749258867,6.01200000,573.48000000,6.055
1749258867,6.01100000,219.58000000,6.055
1749258867,6.01000000,1470.62000000,6.055
1749258867,6.00900000,85.27000000,6.055
1749258867,6.00800000,2.92000000,6.055
1749258867,6.00700000,137.78000000,6.055
1749258867,6.00600000,244.64000000,6.055
1749258867,6.00500000,1787.06000000,6.055
1749258867,6.00400000,13.77000000,6.055
1749258867,6.00300000,137.31000000,6.055
1749258867,6.00200000,2092.59000000,6.055
1749258867,6.00100000,1.65000000,6.055
1749258867,6.00000000,4434.18000000,6.055
1749258867,5.99900000,213.90000000,6.055
1749258867,5.99800000,51.06000000,6.055
1749258867,5.99700000,2641.98000000,6.055
1749258867,5.99600000,3.81000000,6.055
1749258867,5.99500000,547.58000000,6.055
1749258867,5.99400000,3.00000000,6.055
1749258867,5.99300000,4.10000000,6.055
1749258867,5.99200000,18.54000000,6.055
1749258867,5.99100000,136.41000000,6.055
1749258867,5.99000000,218.43000000,6.055
1749258867,5.98900000,1714.67000000,6.055
1749258867,5.98800000,2487.87000000,6.055
1749258867,5.98700000,137.67000000,6.055
1749258867,5.98600000,7.50000000,6.055
1749258867,5.98500000,172.64000000,6.055
1749258867,5.98400000,2.92000000,6.055
1749258867,5.98300000,167.47000000,6.055
1749258867,5.98200000,249.90000000,6.055
1749258867,5.98100000,32.04000000,6.055
1749258867,5.98000000,221.32000000,6.055
1749258867,5.97900000,138.09000000,6.055
1749258867,5.97800000,2.21000000,6.055
1749258867,5.97700000,19.71000000,6.055
1749258867,5.97600000,690.93000000,6.055
1749258867,5.97500000,521.44000000,6.055
1749258867,5.97400000,1804.28000000,6.055
1749258867,5.97300000,3347.47000000,6.055
1749258867,5.97200000,4.18000000,6.055
1749258867,5.97100000,383.46000000,6.055
1749258867,5.97000000,678.22000000,6.055
1749258867,5.96900000,28.95000000,6.055
1749258867,5.96800000,519.42000000,6.055
1749258867,5.96700000,138.36000000,6.055
1749258867,5.96600000,30.99000000,6.055
1749258867,5.96500000,21.75000000,6.055
1749258867,5.96400000,326.69000000,6.055
1749258867,5.96300000,83.43000000,6.055
1749258867,5.96200000,659.54000000,6.055
1749258867,5.96100000,6.16000000,6.055
1749258867,5.96000000,355.18000000,6.055
1749258867,5.95900000,8.52000000,6.055
1749258867,5.95800000,20.87000000,6.055
1749258867,5.95700000,31.32000000,6.055
1749258867,5.95600000,16.76000000,6.055
1749258867,5.95500000,1800.41000000,6.055
1749259169,6.03900000,458.10000000,6.04
1749259169,6.03800000,943.91000000,6.04
1749259169,6.03700000,1116.83000000,6.04
1749259169,6.03600000,1456.57000000,6.04
1749259169,6.03500000,1507.47000000,6.04
1749259169,6.03400000,2195.09000000,6.04
1749259169,6.03300000,5874.15000000,6.04
1749259169,6.03200000,4818.66000000,6.04
1749259169,6.03100000,4566.19000000,6.04
1749259169,6.03000000,3654.76000000,6.04
1749259169,6.02900000,2543.76000000,6.04
1749259169,6.02800000,2799.17000000,6.04
1749259169,6.02700000,1527.03000000,6.04
1749259169,6.02600000,972.05000000,6.04
1749259169,6.02500000,803.50000000,6.04
1749259169,6.02400000,401.86000000,6.04
1749259169,6.02300000,1393.44000000,6.04
1749259169,6.02200000,6274.56000000,6.04
1749259169,6.02100000,279.30000000,6.04
1749259169,6.02000000,961.27000000,6.04
1749259169,6.01900000,652.16000000,6.04
1749259169,6.01800000,911.76000000,6.04
1749259169,6.01700000,190.80000000,6.04
1749259169,6.01600000,361.76000000,6.04
1749259169,6.01500000,776.01000000,6.04
1749259169,6.01400000,303.22000000,6.04
1749259169,6.01300000,187.83000000,6.04
1749259169,6.01200000,233.78000000,6.04
1749259169,6.01100000,403.94000000,6.04
1749259169,6.01000000,1964.75000000,6.04
1749259169,6.00900000,269.65000000,6.04
1749259169,6.00800000,350.59000000,6.04
1749259169,6.00700000,327.83000000,6.04
1749259169,6.00600000,190.13000000,6.04
1749259169,6.00500000,446.01000000,6.04
1749259169,6.00400000,283.02000000,6.04
1749259169,6.00300000,530.15000000,6.04
1749259169,6.00200000,189.28000000,6.04
1749259169,6.00100000,270.09000000,6.04
1749259169,6.00000000,2667.10000000,6.04
1749259169,5.99900000,1219.47000000,6.04
1749259169,5.99800000,282.55000000,6.04
1749259169,5.99700000,2523.93000000,6.04
1749259169,5.99600000,3.81000000,6.04
1749259169,5.99500000,344.10000000,6.04
1749259169,5.99400000,2277.38000000,6.04
1749259169,5.99300000,1611.63000000,6.04
1749259169,5.99200000,133.44000000,6.04
1749259169,5.99100000,136.41000000,6.04
1749259169,5.99000000,218.43000000,6.04
1749259169,5.98900000,2113.54000000,6.04
1749259169,5.98800000,2613.51000000,6.04
1749259169,5.98700000,137.67000000,6.04
1749259169,5.98600000,7.50000000,6.04
1749259169,5.98500000,205.29000000,6.04
1749259169,5.98400000,239.51000000,6.04
1749259169,5.98300000,144.99000000,6.04
1749259169,5.98200000,811.52000000,6.04
1749259169,5.98100000,32.04000000,6.04
1749259169,5.98000000,221.32000000,6.04
1749259169,5.97900000,138.09000000,6.04
1749259169,5.97800000,3.87000000,6.04
1749259169,5.97700000,4.67000000,6.04
1749259169,5.97600000,36.04000000,6.04
1749259169,5.97500000,501.01000000,6.04
1749259169,5.97400000,1688.76000000,6.04
1749259169,5.97300000,3349.13000000,6.04
1749259169,5.97200000,55.85000000,6.04
1749259169,5.97100000,407.41000000,6.04
1749259169,5.97000000,344.56000000,6.04
1749259169,5.96900000,30.61000000,6.04
1749259169,5.96800000,1.66000000,6.04
1749259169,5.96700000,140.02000000,6.04
1749259169,5.96600000,32.65000000,6.04
1749259169,5.96500000,1.66000000,6.04
1749259169,5.96400000,839.91000000,6.04
1749259169,5.96300000,10.48000000,6.04
1749259169,5.96200000,44.79000000,6.04
1749259169,5.96100000,22.90000000,6.04
1749259169,5.96000000,355.18000000,6.04
1749259169,5.95900000,1728.94000000,6.04
1749259169,5.95800000,679.41000000,6.04
1749259169,5.95700000,70.08000000,6.04
1749259169,5.95600000,116.01000000,6.04
1749259169,5.95500000,1632.78000000,6.04
1749259169,5.95400000,38.58000000,6.04
1749259169,5.95300000,503.96000000,6.04
1749259169,5.95200000,1.68000000,6.04
1749259169,5.95000000,172.36000000,6.04
1749259169,5.94900000,507.22000000,6.04
1749259169,5.94800000,316.41000000,6.04
1749259169,5.94700000,1.94000000,6.04
1749259169,5.94500000,326.38000000,6.04
1749259169,5.94400000,603.44000000,6.04
1749259169,5.94300000,108.98000000,6.04
1749259169,5.94200000,5.86000000,6.04
1749259169,5.94100000,7.50000000,6.04
1749259169,5.94000000,67.88000000,6.04
1749259169,5.93900000,3.50000000,6.04
1749259169,5.93800000,0.97000000,6.04
