timestamp,price,volume,current_price
1749254731,6.18600000,27.65000000,6.186
1749254731,6.18500000,127.54000000,6.186
1749254731,6.18400000,324.83000000,6.186
1749254731,6.18300000,465.35000000,6.186
1749254731,6.18200000,186.34000000,6.186
1749254731,6.18100000,75.81000000,6.186
1749254731,6.18000000,224.00000000,6.186
1749254731,6.17900000,507.25000000,6.186
1749254731,6.17800000,937.61000000,6.186
1749254731,6.17700000,712.91000000,6.186
1749254731,6.17600000,455.01000000,6.186
1749254731,6.17500000,755.96000000,6.186
1749254731,6.17400000,595.85000000,6.186
1749254731,6.17300000,836.26000000,6.186
1749254731,6.17200000,459.89000000,6.186
1749254731,6.17100000,147.15000000,6.186
1749254731,6.17000000,541.92000000,6.186
1749254731,6.16900000,73.53000000,6.186
1749254731,6.16800000,124.50000000,6.186
1749254731,6.16700000,133.37000000,6.186
1749254731,6.16600000,57.85000000,6.186
1749254731,6.16500000,1684.74000000,6.186
1749254731,6.16400000,61.81000000,6.186
1749254731,6.16300000,92.19000000,6.186
1749254731,6.16200000,38.51000000,6.186
1749254731,6.16100000,55.75000000,6.186
1749254731,6.16000000,61.05000000,6.186
1749254731,6.15900000,302.68000000,6.186
1749254731,6.15800000,19935.88000000,6.186
1749254731,6.15700000,60.09000000,6.186
1749254731,6.15600000,1184.92000000,6.186
1749254731,6.15500000,55.78000000,6.186
1749254731,6.15400000,57.00000000,6.186
1749254731,6.15300000,147.13000000,6.186
1749254731,6.15200000,59.83000000,6.186
1749254731,6.15100000,120.43000000,6.186
1749254731,6.15000000,55.79000000,6.186
1749254731,6.14900000,1.61000000,6.186
1749254731,6.14800000,856.51000000,6.186
1749254731,6.14700000,18.89000000,6.186
1749254731,6.14600000,110.23000000,6.186
1749254731,6.14500000,23.23000000,6.186
1749254731,6.14400000,5.64000000,6.186
1749254731,6.14300000,609.11000000,6.186
1749254731,6.14200000,545.12000000,6.186
1749254731,6.14100000,2.49000000,6.186
1749254731,6.14000000,111.86000000,6.186
1749254731,6.13900000,5.93000000,6.186
1749254731,6.13800000,82.45000000,6.186
1749254731,6.13700000,1.61000000,6.186
1749254731,6.13600000,220.47000000,6.186
1749254731,6.13500000,103.16000000,6.186
1749254731,6.13400000,110.24000000,6.186
1749254731,6.13300000,119.33000000,6.186
1749254731,6.13200000,242.77000000,6.186
1749254731,6.13100000,7.07000000,6.186
1749254731,6.13000000,13.12000000,6.186
1749254731,6.12900000,20050.34000000,6.186
1749254731,6.12800000,110.24000000,6.186
1749254731,6.12700000,94.04000000,6.186
1749254731,6.12600000,1.62000000,6.186
1749254731,6.12500000,2.46000000,6.186
1749254731,6.12400000,98.78000000,6.186
1749254731,6.12300000,43.51000000,6.186
1749254731,6.12200000,170.60000000,6.186
1749254731,6.12100000,5.95000000,6.186
1749254731,6.12000000,79.21000000,6.186
1749254731,6.11900000,497.19000000,6.186
1749254731,6.11800000,2.84000000,6.186
1749254731,6.11700000,111.81000000,6.186
1749254731,6.11600000,1.62000000,6.186
1749254731,6.11500000,53.50000000,6.186
1749254731,6.11400000,161.66000000,6.186
1749254731,6.11300000,470.07000000,6.186
1749254731,6.11200000,1.62000000,6.186
1749254731,6.11100000,226.11000000,6.186
1749254731,6.11000000,163.66000000,6.186
1749254731,6.10900000,3.11000000,6.186
1749254731,6.10600000,77.59000000,6.186
1749254731,6.10300000,181.70000000,6.186
1749254731,6.10200000,108.62000000,6.186
1749254731,6.10100000,319.00000000,6.186
1749254731,6.10000000,593.17000000,6.186
1749254731,6.09700000,3.11000000,6.186
1749254731,6.09400000,0.84000000,6.186
1749254731,6.09300000,106.01000000,6.186
1749254731,6.09200000,21.90000000,6.186
1749254731,6.09100000,111.73000000,6.186
1749254731,6.09000000,12.55000000,6.186
1749254731,6.08500000,3.11000000,6.186
1749254731,6.08400000,2.30000000,6.186
1749254731,6.08000000,108.62000000,6.186
1749254731,6.07900000,27.06000000,6.186
1749254731,6.07800000,23.95000000,6.186
1749254731,6.07400000,3.11000000,6.186
1749254731,6.07100000,0.89000000,6.186
1749254731,6.06900000,111.73000000,6.186
1749254731,6.06700000,43216.06000000,6.186
1749254731,6.06600000,0.90000000,6.186
1749254731,6.06400000,3.11000000,6.186
1749255067,6.21100000,34.81000000,6.211
1749255067,6.21000000,117.32000000,6.211
1749255067,6.20900000,171.55000000,6.211
1749255067,6.20800000,199.39000000,6.211
1749255067,6.20700000,292.28000000,6.211
1749255067,6.20600000,446.96000000,6.211
1749255067,6.20500000,336.21000000,6.211
1749255067,6.20400000,581.29000000,6.211
1749255067,6.20300000,429.49000000,6.211
1749255067,6.20200000,233.35000000,6.211
1749255067,6.20100000,274.83000000,6.211
1749255067,6.20000000,706.43000000,6.211
1749255067,6.19900000,793.96000000,6.211
1749255067,6.19800000,255.26000000,6.211
1749255067,6.19700000,39.73000000,6.211
1749255067,6.19600000,675.81000000,6.211
1749255067,6.19500000,246.31000000,6.211
1749255067,6.19400000,39.74000000,6.211
1749255067,6.19300000,375.72000000,6.211
1749255067,6.19200000,43.77000000,6.211
1749255067,6.19100000,57.01000000,6.211
1749255067,6.19000000,134.60000000,6.211
1749255067,6.18900000,150.25000000,6.211
1749255067,6.18800000,59.82000000,6.211
1749255067,6.18700000,39.74000000,6.211
1749255067,6.18600000,55.80000000,6.211
1749255067,6.18500000,171.36000000,6.211
1749255067,6.18400000,264.22000000,6.211
1749255067,6.18300000,20165.79000000,6.211
1749255067,6.18200000,58.92000000,6.211
1749255067,6.18100000,57.23000000,6.211
1749255067,6.18000000,120.14000000,6.211
1749255067,6.17900000,55.81000000,6.211
1749255067,6.17800000,57.04000000,6.211
1749255067,6.17700000,147.14000000,6.211
1749255067,6.17600000,64.86000000,6.211
1749255067,6.17500000,241.16000000,6.211
1749255067,6.17400000,56.87000000,6.211
1749255067,6.17300000,38.53000000,6.211
1749255067,6.17200000,62.07000000,6.211
1749255067,6.17100000,110.25000000,6.211
1749255067,6.17000000,457.12000000,6.211
1749255067,6.16900000,74.72000000,6.211
1749255067,6.16800000,41.30000000,6.211
1749255067,6.16700000,96.47000000,6.211
1749255067,6.16600000,3.72000000,6.211
1749255067,6.16500000,1615.53000000,6.211
1749255067,6.16400000,5.65000000,6.211
1749255067,6.16300000,5.94000000,6.211
1749255067,6.16200000,1.61000000,6.211
1749255067,6.16100000,1.61000000,6.211
1749255067,6.16000000,40.89000000,6.211
1749255067,6.15900000,187.82000000,6.211
1749255067,6.15800000,1.61000000,6.211
1749255067,6.15700000,16.17000000,6.211
1749255067,6.15600000,1073.83000000,6.211
1749255067,6.15500000,20114.15000000,6.211
1749255067,6.15400000,2.83000000,6.211
1749255067,6.15300000,110.23000000,6.211
1749255067,6.15200000,1.61000000,6.211
1749255067,6.15100000,83.53000000,6.211
1749255067,6.15000000,1.61000000,6.211
1749255067,6.14900000,1.61000000,6.211
1749255067,6.14800000,874.43000000,6.211
1749255067,6.14700000,1.61000000,6.211
1749255067,6.14600000,110.23000000,6.211
1749255067,6.14500000,5.94000000,6.211
1749255067,6.14400000,1.61000000,6.211
1749255067,6.14300000,79.20000000,6.211
1749255067,6.14200000,545.12000000,6.211
1749255067,6.14100000,2.49000000,6.211
1749255067,6.14000000,111.86000000,6.211
1749255067,6.13900000,5.93000000,6.211
1749255067,6.13800000,1.61000000,6.211
1749255067,6.13700000,1.61000000,6.211
1749255067,6.13600000,220.47000000,6.211
1749255067,6.13500000,77.59000000,6.211
1749255067,6.13400000,108.62000000,6.211
1749255067,6.13300000,4.33000000,6.211
1749255067,6.13200000,241.15000000,6.211
1749255067,6.13100000,112.76000000,6.211
1749255067,6.13000000,1.22000000,6.211
1749255067,6.12800000,271.52000000,6.211
1749255067,6.12700000,92.42000000,6.211
1749255067,6.12500000,0.84000000,6.211
1749255067,6.12400000,2.62000000,6.211
1749255067,6.12300000,403.22000000,6.211
1749255067,6.12200000,168.98000000,6.211
1749255067,6.12100000,4.33000000,6.211
1749255067,6.12000000,77.59000000,6.211
1749255067,6.11800000,1.22000000,6.211
1749255067,6.11500000,51.88000000,6.211
1749255067,6.11400000,77.59000000,6.211
1749255067,6.11300000,468.45000000,6.211
1749255067,6.11100000,224.49000000,6.211
1749255067,6.11000000,163.66000000,6.211
1749255067,6.10900000,3.11000000,6.211
1749255067,6.10600000,77.59000000,6.211
1749255067,6.10300000,257.53000000,6.211
1749255067,6.10200000,108.62000000,6.211
