timestamp,price,volume,current_price
1749260855,6.28300000,59.43000000,6.283
1749260855,6.28200000,91.28000000,6.283
1749260855,6.28100000,176.91000000,6.283
1749260855,6.28000000,221.24000000,6.283
1749260855,6.27900000,294.83000000,6.283
1749260855,6.27800000,226.12000000,6.283
1749260855,6.27700000,256.36000000,6.283
1749260855,6.27600000,503.52000000,6.283
1749260855,6.27500000,1104.61000000,6.283
1749260855,6.27400000,878.23000000,6.283
1749260855,6.27300000,268.10000000,6.283
1749260855,6.27200000,337.75000000,6.283
1749260855,6.27100000,423.90000000,6.283
1749260855,6.27000000,448.95000000,6.283
1749260855,6.26900000,558.22000000,6.283
1749260855,6.26800000,516.11000000,6.283
1749260855,6.26700000,356.74000000,6.283
1749260855,6.26600000,50.71000000,6.283
1749260855,6.26500000,106.46000000,6.283
1749260855,6.26400000,136.29000000,6.283
1749260855,6.26300000,184.74000000,6.283
1749260855,6.26200000,117.27000000,6.283
1749260855,6.26100000,510.56000000,6.283
1749260855,6.26000000,55.52000000,6.283
1749260855,6.25900000,71.53000000,6.283
1749260855,6.25800000,55.52000000,6.283
1749260855,6.25700000,58.92000000,6.283
1749260855,6.25600000,885.67000000,6.283
1749260855,6.25500000,19311.20000000,6.283
1749260855,6.25400000,43.64000000,6.283
1749260855,6.25300000,39.68000000,6.283
1749260855,6.25200000,307.56000000,6.283
1749260855,6.25100000,914.66000000,6.283
1749260855,6.25000000,311.58000000,6.283
1749260855,6.24900000,70.19000000,6.283
1749260855,6.24800000,55.53000000,6.283
1749260855,6.24700000,114.30000000,6.283
1749260855,6.24600000,55.53000000,6.283
1749260855,6.24500000,41.60000000,6.283
1749260855,6.24400000,165.36000000,6.283
1749260855,6.24300000,1207.62000000,6.283
1749260855,6.24200000,55.53000000,6.283
1749260855,6.24100000,39.70000000,6.283
1749260855,6.24000000,135.67000000,6.283
1749260855,6.23900000,41.60000000,6.283
1749260855,6.23800000,134.33000000,6.283
1749260855,6.23700000,147.11000000,6.283
1749260855,6.23600000,1.59000000,6.283
1749260855,6.23500000,19.85000000,6.283
1749260855,6.23400000,891.36000000,6.283
1749260855,6.23300000,524.00000000,6.283
1749260855,6.23200000,83.50000000,6.283
1749260855,6.23100000,110.21000000,6.283
1749260855,6.23000000,528.22000000,6.283
1749260855,6.22900000,12.92000000,6.283
1749260855,6.22800000,317.22000000,6.283
1749260855,6.22700000,1.59000000,6.283
1749260855,6.22600000,19654.18000000,6.283
1749260855,6.22500000,902.00000000,6.283
1749260855,6.22400000,79.18000000,6.283
1749260855,6.22300000,2.79000000,6.283
1749260855,6.22200000,560.64000000,6.283
1749260855,6.22100000,1.59000000,6.283
1749260855,6.22000000,163.56000000,6.283
1749260855,6.21900000,123.64000000,6.283
1749260855,6.21800000,113.48000000,6.283
1749260855,6.21700000,82.65000000,6.283
1749260855,6.21600000,79.18000000,6.283
1749260855,6.21500000,1.59000000,6.283
1749260855,6.21400000,2.80000000,6.283
1749260855,6.21300000,113.33000000,6.283
1749260855,6.21200000,1.60000000,6.283
1749260855,6.21100000,501.70000000,6.283
1749260855,6.21000000,1.60000000,6.283
1749260855,6.20900000,214.80000000,6.283
1749260855,6.20800000,80.39000000,6.283
1749260855,6.20700000,108.62000000,6.283
1749260855,6.20600000,23.84000000,6.283
1749260855,6.20500000,1.20000000,6.283
1749260855,6.20200000,111.66000000,6.283
1749260855,6.20100000,108.62000000,6.283
1749260855,6.20000000,80.70000000,6.283
1749260855,6.19800000,510.02000000,6.283
1749260855,6.19500000,109.45000000,6.283
1749260855,6.19400000,3.11000000,6.283
1749260855,6.19300000,81.40000000,6.283
1749260855,6.19200000,181.59000000,6.283
1749260855,6.18900000,108.62000000,6.283
1749260855,6.18800000,3.11000000,6.283
1749260855,6.18400000,160.09000000,6.283
1749260855,6.18300000,108.62000000,6.283
1749260855,6.18200000,18.25000000,6.283
1749260855,6.18100000,48.77000000,6.283
1749260855,6.18000000,19.18000000,6.283
1749260855,6.17800000,213.09000000,6.283
1749260855,6.17700000,108.62000000,6.283
1749260855,6.17600000,11.29000000,6.283
1749260855,6.17100000,108.62000000,6.283
1749260855,6.17000000,3.11000000,6.283
1749260855,6.16800000,26.96000000,6.283
1749261180,6.27800000,74.04000000,6.278
1749261180,6.27700000,90.39000000,6.278
1749261180,6.27600000,121.61000000,6.278
1749261180,6.27500000,80.79000000,6.278
1749261180,6.27400000,77.07000000,6.278
1749261180,6.27300000,2.80000000,6.278
1749261180,6.27200000,40.29000000,6.278
1749261180,6.27100000,51.78000000,6.278
1749261180,6.27000000,95.22000000,6.278
1749261180,6.26900000,363.63000000,6.278
1749261180,6.26800000,403.22000000,6.278
1749261180,6.26700000,93.68000000,6.278
1749261180,6.26600000,163.20000000,6.278
1749261180,6.26500000,120.14000000,6.278
1749261180,6.26400000,146.48000000,6.278
1749261180,6.26300000,328.24000000,6.278
1749261180,6.26200000,451.80000000,6.278
1749261180,6.26100000,494.72000000,6.278
1749261180,6.26000000,39.68000000,6.278
1749261180,6.25900000,39.68000000,6.278
1749261180,6.25800000,70.14000000,6.278
1749261180,6.25700000,41.59000000,6.278
1749261180,6.25600000,868.63000000,6.278
1749261180,6.25500000,38.48000000,6.278
1749261180,6.25400000,38.48000000,6.278
1749261180,6.25300000,1005.15000000,6.278
1749261180,6.25200000,188.98000000,6.278
1749261180,6.25100000,914.66000000,6.278
1749261180,6.25000000,19599.62000000,6.278
1749261180,6.24900000,213.65000000,6.278
1749261180,6.24800000,98.46000000,6.278
1749261180,6.24700000,40.75000000,6.278
1749261180,6.24600000,38.49000000,6.278
1749261180,6.24500000,41.60000000,6.278
1749261180,6.24400000,148.32000000,6.278
1749261180,6.24300000,1207.62000000,6.278
1749261180,6.24200000,38.49000000,6.278
1749261180,6.24100000,145.53000000,6.278
1749261180,6.24000000,118.64000000,6.278
1749261180,6.23900000,41.60000000,6.278
1749261180,6.23800000,117.29000000,6.278
1749261180,6.23700000,147.11000000,6.278
1749261180,6.23600000,1.59000000,6.278
1749261180,6.23500000,39.70000000,6.278
1749261180,6.23400000,891.36000000,6.278
1749261180,6.23300000,38.49000000,6.278
1749261180,6.23200000,605.99000000,6.278
1749261180,6.23100000,258.76000000,6.278
1749261180,6.23000000,1.59000000,6.278
1749261180,6.22900000,845.24000000,6.278
1749261180,6.22800000,51.38000000,6.278
1749261180,6.22700000,11.71000000,6.278
1749261180,6.22600000,83.38000000,6.278
1749261180,6.22500000,350.93000000,6.278
1749261180,6.22400000,79.18000000,6.278
1749261180,6.22300000,19223.90000000,6.278
1749261180,6.22200000,536.17000000,6.278
1749261180,6.22100000,1.59000000,6.278
1749261180,6.22000000,163.56000000,6.278
1749261180,6.21900000,675.37000000,6.278
1749261180,6.21800000,1.59000000,6.278
1749261180,6.21700000,2.79000000,6.278
1749261180,6.21600000,103.29000000,6.278
1749261180,6.21500000,1.60000000,6.278
1749261180,6.21400000,2.80000000,6.278
1749261180,6.21300000,113.33000000,6.278
1749261180,6.21200000,1.60000000,6.278
1749261180,6.21100000,487.12000000,6.278
1749261180,6.21000000,1.60000000,6.278
1749261180,6.20900000,214.80000000,6.278
1749261180,6.20800000,80.39000000,6.278
1749261180,6.20700000,110.22000000,6.278
1749261180,6.20600000,4.71000000,6.278
1749261180,6.20500000,23.54000000,6.278
1749261180,6.20400000,1.60000000,6.278
1749261180,6.20300000,1.60000000,6.278
1749261180,6.20200000,192.94000000,6.278
1749261180,6.20100000,108.62000000,6.278
1749261180,6.20000000,80.70000000,6.278
1749261180,6.19800000,510.02000000,6.278
1749261180,6.19500000,109.45000000,6.278
1749261180,6.19400000,3.11000000,6.278
1749261180,6.19200000,181.59000000,6.278
1749261180,6.18900000,108.62000000,6.278
1749261180,6.18800000,3.11000000,6.278
1749261180,6.18400000,160.09000000,6.278
1749261180,6.18300000,108.62000000,6.278
1749261180,6.18200000,18.25000000,6.278
1749261180,6.18100000,48.77000000,6.278
1749261180,6.18000000,19.18000000,6.278
1749261180,6.17800000,213.09000000,6.278
1749261180,6.17700000,108.62000000,6.278
1749261180,6.17600000,11.29000000,6.278
1749261180,6.17100000,208.20000000,6.278
1749261180,6.17000000,3.11000000,6.278
1749261180,6.16800000,26.96000000,6.278
1749261180,6.16500000,108.62000000,6.278
1749261180,6.16400000,318.91000000,6.278
1749261180,6.16300000,3.11000000,6.278
1749261180,6.16000000,43703.72000000,6.278
1749261495,6.28900000,1.60000000,6.29
1749261495,6.28800000,86.75000000,6.29
1749261495,6.28700000,228.09000000,6.29
1749261495,6.28600000,40.90000000,6.29
1749261495,6.28500000,105.09000000,6.29
1749261495,6.28400000,39.70000000,6.29
1749261495,6.28300000,81.54000000,6.29
1749261495,6.28200000,224.25000000,6.29
1749261495,6.28100000,299.94000000,6.29
1749261495,6.28000000,71.18000000,6.29
1749261495,6.27900000,63.92000000,6.29
1749261495,6.27800000,56.72000000,6.29
1749261495,6.27700000,225.44000000,6.29
1749261495,6.27600000,513.73000000,6.29
1749261495,6.27500000,172.54000000,6.29
1749261495,6.27400000,40.90000000,6.29
1749261495,6.27300000,74.05000000,6.29
1749261495,6.27200000,333.06000000,6.29
1749261495,6.27100000,40.90000000,6.29
1749261495,6.27000000,194.98000000,6.29
1749261495,6.26900000,180.64000000,6.29
1749261495,6.26800000,161.27000000,6.29
1749261495,6.26700000,38.50000000,6.29
1749261495,6.26600000,55.52000000,6.29
1749261495,6.26500000,39.70000000,6.29
1749261495,6.26400000,273.97000000,6.29
1749261495,6.26300000,1110.51000000,6.29
1749261495,6.26200000,150.60000000,6.29
1749261495,6.26100000,20270.56000000,6.29
1749261495,6.26000000,87.34000000,6.29
1749261495,6.25900000,78.04000000,6.29
1749261495,6.25800000,87.16000000,6.29
1749261495,6.25700000,115.02000000,6.29
1749261495,6.25600000,868.63000000,6.29
1749261495,6.25500000,126.30000000,6.29
1749261495,6.25400000,38.48000000,6.29
1749261495,6.25300000,150.36000000,6.29
1749261495,6.25200000,89.45000000,6.29
1749261495,6.25100000,914.66000000,6.29
1749261495,6.25000000,189.00000000,6.29
1749261495,6.24900000,38.49000000,6.29
1749261495,6.24800000,55.51000000,6.29
1749261495,6.24700000,3.85000000,6.29
1749261495,6.24600000,55.51000000,6.29
1749261495,6.24500000,4.70000000,6.29
1749261495,6.24400000,649.93000000,6.29
1749261495,6.24300000,1170.72000000,6.29
1749261495,6.24200000,1.59000000,6.29
1749261495,6.24100000,19.82000000,6.29
1749261495,6.24000000,81.74000000,6.29
1749261495,6.23900000,4.70000000,6.29
1749261495,6.23800000,80.39000000,6.29
1749261495,6.23700000,110.21000000,6.29
1749261495,6.23600000,42.59000000,6.29
1749261495,6.23500000,553.11000000,6.29
1749261495,6.23400000,891.36000000,6.29
1749261495,6.23300000,11.70000000,6.29
1749261495,6.23200000,83.50000000,6.29
1749261495,6.23100000,110.21000000,6.29
1749261495,6.23000000,19317.50000000,6.29
1749261495,6.22900000,845.24000000,6.29
1749261495,6.22800000,26.24000000,6.29
1749261495,6.22700000,1.59000000,6.29
1749261495,6.22600000,3.62000000,6.29
1749261495,6.22500000,113.32000000,6.29
1749261495,6.22400000,79.18000000,6.29
1749261495,6.22300000,2.79000000,6.29
1749261495,6.22200000,536.17000000,6.29
1749261495,6.22100000,239.35000000,6.29
1749261495,6.22000000,163.56000000,6.29
1749261495,6.21900000,113.32000000,6.29
1749261495,6.21800000,81.48000000,6.29
1749261495,6.21700000,2.79000000,6.29
1749261495,6.21600000,79.18000000,6.29
1749261495,6.21500000,1.59000000,6.29
1749261495,6.21400000,2.80000000,6.29
1749261495,6.21300000,111.73000000,6.29
1749261495,6.21100000,485.52000000,6.29
1749261495,6.20900000,213.20000000,6.29
1749261495,6.20800000,78.79000000,6.29
1749261495,6.20700000,108.62000000,6.29
1749261495,6.20600000,3.11000000,6.29
1749261495,6.20500000,21.94000000,6.29
1749261495,6.20200000,111.66000000,6.29
1749261495,6.20100000,108.62000000,6.29
1749261495,6.20000000,82.31000000,6.29
1749261495,6.19900000,10.34000000,6.29
1749261495,6.19800000,510.02000000,6.29
1749261495,6.19500000,109.45000000,6.29
1749261495,6.19400000,3.11000000,6.29
1749261495,6.19200000,181.59000000,6.29
1749261495,6.18900000,108.62000000,6.29
1749261495,6.18800000,3.11000000,6.29
1749261495,6.18400000,160.09000000,6.29
1749261495,6.18300000,108.62000000,6.29
1749261495,6.18200000,18.25000000,6.29
1749261495,6.18100000,48.77000000,6.29
1749261495,6.18000000,19.18000000,6.29
1749261495,6.17800000,284.41000000,6.29
1749261495,6.17700000,179.94000000,6.29
1749261806,6.27500000,8.06000000,6.275
1749261806,6.27400000,131.98000000,6.275
1749261806,6.27300000,128.45000000,6.275
1749261806,6.27200000,68.83000000,6.275
1749261806,6.27100000,139.48000000,6.275
1749261806,6.27000000,196.19000000,6.275
1749261806,6.26900000,158.93000000,6.275
1749261806,6.26800000,182.94000000,6.275
1749261806,6.26700000,63.92000000,6.275
1749261806,6.26600000,142.72000000,6.275
1749261806,6.26500000,365.12000000,6.275
1749261806,6.26400000,122.22000000,6.275
1749261806,6.26300000,288.68000000,6.275
1749261806,6.26200000,548.96000000,6.275
1749261806,6.26100000,501.61000000,6.275
1749261806,6.26000000,51.74000000,6.275
1749261806,6.25900000,107.15000000,6.275
1749261806,6.25800000,164.82000000,6.275
1749261806,6.25700000,689.49000000,6.275
1749261806,6.25600000,225.89000000,6.275
1749261806,6.25500000,38.48000000,6.275
1749261806,6.25400000,71.85000000,6.275
1749261806,6.25300000,39.68000000,6.275
1749261806,6.25200000,1093.01000000,6.275
1749261806,6.25100000,914.66000000,6.275
1749261806,6.25000000,264.62000000,6.275
1749261806,6.24900000,38.49000000,6.275
1749261806,6.24800000,70.20000000,6.275
1749261806,6.24700000,19325.56000000,6.275
1749261806,6.24600000,144.16000000,6.275
1749261806,6.24500000,41.60000000,6.275
1749261806,6.24400000,394.37000000,6.275
1749261806,6.24300000,1170.72000000,6.275
1749261806,6.24200000,38.49000000,6.275
1749261806,6.24100000,39.70000000,6.275
1749261806,6.24000000,118.64000000,6.275
1749261806,6.23900000,41.60000000,6.275
1749261806,6.23800000,602.38000000,6.275
1749261806,6.23700000,147.11000000,6.275
1749261806,6.23600000,1.59000000,6.275
1749261806,6.23500000,553.11000000,6.275
1749261806,6.23400000,891.36000000,6.275
1749261806,6.23300000,38.49000000,6.275
1749261806,6.23200000,120.40000000,6.275
1749261806,6.23100000,147.11000000,6.275
1749261806,6.23000000,1.59000000,6.275
1749261806,6.22900000,845.24000000,6.275
1749261806,6.22800000,38.49000000,6.275
1749261806,6.22700000,1.59000000,6.275
1749261806,6.22600000,3.62000000,6.275
1749261806,6.22500000,150.22000000,6.275
1749261806,6.22400000,116.08000000,6.275
1749261806,6.22300000,12.92000000,6.275
1749261806,6.22200000,536.17000000,6.275
1749261806,6.22100000,239.35000000,6.275
1749261806,6.22000000,163.56000000,6.275
1749261806,6.21900000,113.32000000,6.275
1749261806,6.21800000,19079.06000000,6.275
1749261806,6.21700000,2.79000000,6.275
1749261806,6.21600000,79.18000000,6.275
1749261806,6.21500000,1.59000000,6.275
1749261806,6.21400000,2.80000000,6.275
1749261806,6.21300000,137.38000000,6.275
1749261806,6.21200000,1.60000000,6.275
1749261806,6.21100000,487.12000000,6.275
1749261806,6.21000000,1.60000000,6.275
1749261806,6.20900000,214.80000000,6.275
1749261806,6.20800000,80.39000000,6.275
1749261806,6.20700000,110.22000000,6.275
1749261806,6.20600000,4.71000000,6.275
1749261806,6.20500000,23.54000000,6.275
1749261806,6.20400000,1.60000000,6.275
1749261806,6.20300000,1.60000000,6.275
1749261806,6.20200000,1.60000000,6.275
1749261806,6.20100000,110.22000000,6.275
1749261806,6.20000000,82.30000000,6.275
1749261806,6.19900000,10.34000000,6.275
1749261806,6.19800000,510.02000000,6.275
1749261806,6.19500000,109.45000000,6.275
1749261806,6.19400000,3.11000000,6.275
1749261806,6.19200000,181.59000000,6.275
1749261806,6.18900000,108.62000000,6.275
1749261806,6.18800000,3.11000000,6.275
1749261806,6.18400000,160.09000000,6.275
1749261806,6.18300000,108.62000000,6.275
1749261806,6.18200000,18.25000000,6.275
1749261806,6.18100000,48.77000000,6.275
1749261806,6.18000000,19.18000000,6.275
1749261806,6.17800000,213.09000000,6.275
1749261806,6.17700000,108.62000000,6.275
1749261806,6.17600000,11.29000000,6.275
1749261806,6.17100000,108.62000000,6.275
1749261806,6.17000000,3.11000000,6.275
1749261806,6.16800000,26.96000000,6.275
1749261806,6.16500000,108.62000000,6.275
1749261806,6.16400000,4.05000000,6.275
1749261806,6.16300000,3.11000000,6.275
1749261806,6.15900000,158.93000000,6.275
1749261806,6.15700000,3.11000000,6.275
1749261806,6.15500000,42476.74000000,6.275
1749262108,6.27800000,65.43000000,6.278
1749262108,6.27700000,121.55000000,6.278
1749262108,6.27600000,164.48000000,6.278
1749262108,6.27500000,59.17000000,6.278
1749262108,6.27400000,188.79000000,6.278
1749262108,6.27300000,135.19000000,6.278
1749262108,6.27200000,63.92000000,6.278
1749262108,6.27100000,57.94000000,6.278
1749262108,6.27000000,118.49000000,6.278
1749262108,6.26900000,125.05000000,6.278
1749262108,6.26800000,100.07000000,6.278
1749262108,6.26700000,209.88000000,6.278
1749262108,6.26600000,337.79000000,6.278
1749262108,6.26500000,501.58000000,6.278
1749262108,6.26400000,618.12000000,6.278
1749262108,6.26300000,357.72000000,6.278
1749262108,6.26200000,198.07000000,6.278
1749262108,6.26100000,103.17000000,6.278
1749262108,6.26000000,160.37000000,6.278
1749262108,6.25900000,56.73000000,6.278
1749262108,6.25800000,55.50000000,6.278
1749262108,6.25700000,46.75000000,6.278
1749262108,6.25600000,760.01000000,6.278
1749262108,6.25500000,55.50000000,6.278
1749262108,6.25400000,1049.17000000,6.278
1749262108,6.25300000,107.20000000,6.278
1749262108,6.25200000,230.66000000,6.278
1749262108,6.25100000,914.66000000,6.278
1749262108,6.25000000,19895.36000000,6.278
1749262108,6.24900000,38.49000000,6.278
1749262108,6.24800000,171.92000000,6.278
1749262108,6.24700000,57.77000000,6.278
1749262108,6.24600000,38.49000000,6.278
1749262108,6.24500000,58.62000000,6.278
1749262108,6.24400000,270.96000000,6.278
1749262108,6.24300000,1202.46000000,6.278
1749262108,6.24200000,89.51000000,6.278
1749262108,6.24100000,39.70000000,6.278
1749262108,6.24000000,118.64000000,6.278
1749262108,6.23900000,58.63000000,6.278
1749262108,6.23800000,134.32000000,6.278
1749262108,6.23700000,147.11000000,6.278
1749262108,6.23600000,55.52000000,6.278
1749262108,6.23500000,525.04000000,6.278
1749262108,6.23400000,908.41000000,6.278
1749262108,6.23300000,38.49000000,6.278
1749262108,6.23200000,100.54000000,6.278
1749262108,6.23100000,110.21000000,6.278
1749262108,6.23000000,1.59000000,6.278
1749262108,6.22900000,845.24000000,6.278
1749262108,6.22800000,1.59000000,6.278
1749262108,6.22700000,63.04000000,6.278
1749262108,6.22600000,3.62000000,6.278
1749262108,6.22500000,113.32000000,6.278
1749262108,6.22400000,79.18000000,6.278
1749262108,6.22300000,12.92000000,6.278
1749262108,6.22200000,536.17000000,6.278
1749262108,6.22100000,239.35000000,6.278
1749262108,6.22000000,163.56000000,6.278
1749262108,6.21900000,20038.07000000,6.278
1749262108,6.21800000,1.59000000,6.278
1749262108,6.21700000,27.02000000,6.278
1749262108,6.21600000,79.18000000,6.278
1749262108,6.21500000,1.59000000,6.278
1749262108,6.21400000,2.80000000,6.278
1749262108,6.21300000,113.33000000,6.278
1749262108,6.21200000,1.60000000,6.278
1749262108,6.21100000,487.12000000,6.278
1749262108,6.21000000,1.60000000,6.278
1749262108,6.20900000,214.80000000,6.278
1749262108,6.20800000,80.39000000,6.278
1749262108,6.20700000,110.22000000,6.278
1749262108,6.20600000,4.71000000,6.278
1749262108,6.20500000,23.54000000,6.278
1749262108,6.20400000,1.60000000,6.278
1749262108,6.20300000,1.60000000,6.278
1749262108,6.20100000,108.62000000,6.278
1749262108,6.20000000,80.70000000,6.278
1749262108,6.19900000,10.34000000,6.278
1749262108,6.19800000,510.02000000,6.278
1749262108,6.19500000,109.45000000,6.278
1749262108,6.19400000,3.11000000,6.278
1749262108,6.19200000,181.59000000,6.278
1749262108,6.18900000,108.62000000,6.278
1749262108,6.18800000,3.11000000,6.278
1749262108,6.18400000,160.09000000,6.278
1749262108,6.18300000,108.62000000,6.278
1749262108,6.18200000,18.25000000,6.278
1749262108,6.18100000,48.77000000,6.278
1749262108,6.18000000,19.18000000,6.278
1749262108,6.17800000,213.09000000,6.278
1749262108,6.17700000,108.62000000,6.278
1749262108,6.17600000,11.29000000,6.278
1749262108,6.17100000,108.62000000,6.278
1749262108,6.17000000,3.11000000,6.278
1749262108,6.16800000,26.96000000,6.278
1749262108,6.16500000,108.62000000,6.278
1749262108,6.16400000,4.05000000,6.278
1749262108,6.16300000,91.50000000,6.278
1749262108,6.16200000,88.39000000,6.278
1749262410,6.28800000,57.91000000,6.288
1749262410,6.28700000,125.08000000,6.288
1749262410,6.28600000,210.13000000,6.288
1749262410,6.28500000,152.98000000,6.288
1749262410,6.28400000,40.27000000,6.288
1749262410,6.28300000,43.90000000,6.288
1749262410,6.28200000,97.05000000,6.288
1749262410,6.28100000,134.62000000,6.288
1749262410,6.28000000,173.90000000,6.288
1749262410,6.27900000,322.54000000,6.288
1749262410,6.27800000,211.56000000,6.288
1749262410,6.27700000,178.09000000,6.288
1749262410,6.27600000,320.72000000,6.288
1749262410,6.27500000,596.69000000,6.288
1749262410,6.27400000,61.75000000,6.288
1749262410,6.27300000,57.03000000,6.288
1749262410,6.27200000,147.12000000,6.288
1749262410,6.27100000,119.18000000,6.288
1749262410,6.27000000,38.50000000,6.288
1749262410,6.26900000,119.20000000,6.288
1749262410,6.26800000,39.70000000,6.288
1749262410,6.26700000,6.76000000,6.288
1749262410,6.26600000,147.12000000,6.288
1749262410,6.26500000,39.70000000,6.288
1749262410,6.26400000,476.19000000,6.288
1749262410,6.26300000,1001.89000000,6.288
1749262410,6.26200000,193.76000000,6.288
1749262410,6.26100000,181.47000000,6.288
1749262410,6.26000000,19459.03000000,6.288
1749262410,6.25900000,39.68000000,6.288
1749262410,6.25800000,111.90000000,6.288
1749262410,6.25700000,41.59000000,6.288
1749262410,6.25600000,760.01000000,6.288
1749262410,6.25500000,38.48000000,6.288
1749262410,6.25400000,209.65000000,6.288
1749262410,6.25300000,107.20000000,6.288
1749262410,6.25200000,559.31000000,6.288
1749262410,6.25100000,914.66000000,6.288
1749262410,6.25000000,189.00000000,6.288
1749262410,6.24900000,38.49000000,6.288
1749262410,6.24800000,1.59000000,6.288
1749262410,6.24700000,3.85000000,6.288
1749262410,6.24600000,38.49000000,6.288
1749262410,6.24500000,4.70000000,6.288
1749262410,6.24400000,111.42000000,6.288
1749262410,6.24300000,1170.72000000,6.288
1749262410,6.24200000,1.59000000,6.288
1749262410,6.24100000,2.80000000,6.288
1749262410,6.24000000,81.74000000,6.288
1749262410,6.23900000,4.70000000,6.288
1749262410,6.23800000,80.39000000,6.288
1749262410,6.23700000,110.21000000,6.288
1749262410,6.23600000,177.54000000,6.288
1749262410,6.23500000,553.21000000,6.288
1749262410,6.23400000,20142.32000000,6.288
1749262410,6.23300000,11.70000000,6.288
1749262410,6.23200000,83.50000000,6.288
1749262410,6.23100000,110.21000000,6.288
1749262410,6.23000000,1.59000000,6.288
1749262410,6.22900000,845.24000000,6.288
1749262410,6.22800000,1.59000000,6.288
1749262410,6.22700000,26.26000000,6.288
1749262410,6.22600000,3.62000000,6.288
1749262410,6.22500000,220.67000000,6.288
1749262410,6.22400000,79.18000000,6.288
1749262410,6.22300000,2.79000000,6.288
1749262410,6.22200000,536.17000000,6.288
1749262410,6.22100000,239.35000000,6.288
1749262410,6.22000000,163.56000000,6.288
1749262410,6.21900000,113.32000000,6.288
1749262410,6.21800000,1.59000000,6.288
1749262410,6.21700000,2.79000000,6.288
1749262410,6.21600000,99.88000000,6.288
1749262410,6.21500000,1.59000000,6.288
1749262410,6.21400000,2.79000000,6.288
1749262410,6.21300000,113.32000000,6.288
1749262410,6.21100000,378.00000000,6.288
1749262410,6.20900000,213.20000000,6.288
1749262410,6.20800000,78.79000000,6.288
1749262410,6.20700000,108.62000000,6.288
1749262410,6.20600000,3.11000000,6.288
1749262410,6.20500000,1.20000000,6.288
1749262410,6.20100000,108.62000000,6.288
1749262410,6.20000000,80.70000000,6.288
1749262410,6.19900000,10.34000000,6.288
1749262410,6.19800000,510.02000000,6.288
1749262410,6.19500000,109.45000000,6.288
1749262410,6.19400000,3.11000000,6.288
1749262410,6.19200000,181.59000000,6.288
1749262410,6.18900000,108.62000000,6.288
1749262410,6.18800000,3.11000000,6.288
1749262410,6.18500000,342.03000000,6.288
1749262410,6.18400000,160.09000000,6.288
1749262410,6.18300000,108.62000000,6.288
1749262410,6.18200000,18.25000000,6.288
1749262410,6.18100000,48.77000000,6.288
1749262410,6.18000000,19.18000000,6.288
1749262410,6.17800000,213.09000000,6.288
1749262410,6.17700000,108.62000000,6.288
1749262410,6.17600000,11.29000000,6.288
1749262715,6.30000000,13.07000000,6.301
1749262715,6.29900000,102.13000000,6.301
1749262715,6.29800000,156.57000000,6.301
1749262715,6.29700000,74.85000000,6.301
1749262715,6.29600000,110.03000000,6.301
1749262715,6.29500000,44.00000000,6.301
1749262715,6.29400000,138.27000000,6.301
1749262715,6.29300000,438.48000000,6.301
1749262715,6.29200000,774.80000000,6.301
1749262715,6.29100000,384.90000000,6.301
1749262715,6.29000000,92.10000000,6.301
1749262715,6.28900000,415.03000000,6.301
1749262715,6.28800000,399.44000000,6.301
1749262715,6.28700000,771.85000000,6.301
1749262715,6.28600000,573.68000000,6.301
1749262715,6.28500000,1206.79000000,6.301
1749262715,6.28400000,217.65000000,6.301
1749262715,6.28300000,51.76000000,6.301
1749262715,6.28200000,36.44000000,6.301
1749262715,6.28100000,133.09000000,6.301
1749262715,6.28000000,132.29000000,6.301
1749262715,6.27900000,55.50000000,6.301
1749262715,6.27800000,147.12000000,6.301
1749262715,6.27700000,56.72000000,6.301
1749262715,6.27600000,55.51000000,6.301
1749262715,6.27500000,119.20000000,6.301
1749262715,6.27400000,120.71000000,6.301
1749262715,6.27300000,476.21000000,6.301
1749262715,6.27200000,19723.36000000,6.301
1749262715,6.27100000,162.09000000,6.301
1749262715,6.27000000,741.59000000,6.301
1749262715,6.26900000,119.20000000,6.301
1749262715,6.26800000,146.86000000,6.301
1749262715,6.26700000,60.65000000,6.301
1749262715,6.26600000,164.11000000,6.301
1749262715,6.26500000,39.70000000,6.301
1749262715,6.26400000,87.10000000,6.301
1749262715,6.26300000,42.64000000,6.301
1749262715,6.26200000,117.27000000,6.301
1749262715,6.26100000,109.21000000,6.301
1749262715,6.26000000,1540.31000000,6.301
1749262715,6.25900000,56.67000000,6.301
1749262715,6.25800000,56.30000000,6.301
1749262715,6.25700000,4.69000000,6.301
1749262715,6.25600000,80.37000000,6.301
1749262715,6.25500000,1110.11000000,6.301
1749262715,6.25400000,1.58000000,6.301
1749262715,6.25300000,2.78000000,6.301
1749262715,6.25200000,18.58000000,6.301
1749262715,6.25100000,553.70000000,6.301
1749262715,6.25000000,189.00000000,6.301
1749262715,6.24900000,18.60000000,6.301
1749262715,6.24800000,10.45000000,6.301
1749262715,6.24700000,12.88000000,6.301
1749262715,6.24600000,527.02000000,6.301
1749262715,6.24500000,368.24000000,6.301
1749262715,6.24400000,19782.80000000,6.301
1749262715,6.24300000,79.18000000,6.301
1749262715,6.24200000,1.59000000,6.301
1749262715,6.24100000,2.80000000,6.301
1749262715,6.24000000,106.82000000,6.301
1749262715,6.23900000,4.70000000,6.301
1749262715,6.23800000,455.55000000,6.301
1749262715,6.23700000,110.21000000,6.301
1749262715,6.23600000,1.59000000,6.301
1749262715,6.23500000,2.80000000,6.301
1749262715,6.23400000,891.36000000,6.301
1749262715,6.23300000,1.59000000,6.301
1749262715,6.23200000,83.50000000,6.301
1749262715,6.23100000,110.21000000,6.301
1749262715,6.23000000,1.59000000,6.301
1749262715,6.22900000,508.92000000,6.301
1749262715,6.22800000,1.59000000,6.301
1749262715,6.22700000,1.59000000,6.301
1749262715,6.22600000,115.43000000,6.301
1749262715,6.22500000,300.47000000,6.301
1749262715,6.22400000,77.59000000,6.301
1749262715,6.22300000,1.20000000,6.301
1749262715,6.22200000,534.58000000,6.301
1749262715,6.22100000,237.76000000,6.301
1749262715,6.22000000,161.97000000,6.301
1749262715,6.21900000,111.73000000,6.301
1749262715,6.21700000,1.20000000,6.301
1749262715,6.21600000,98.29000000,6.301
1749262715,6.21400000,1.20000000,6.301
1749262715,6.21300000,111.73000000,6.301
1749262715,6.21100000,1.20000000,6.301
1749262715,6.20900000,213.20000000,6.301
1749262715,6.20800000,78.79000000,6.301
1749262715,6.20700000,220.19000000,6.301
1749262715,6.20600000,3.11000000,6.301
1749262715,6.20500000,1.20000000,6.301
1749262715,6.20100000,349.57000000,6.301
1749262715,6.20000000,397.76000000,6.301
1749262715,6.19900000,10.34000000,6.301
1749262715,6.19800000,50.17000000,6.301
1749262715,6.19500000,109.45000000,6.301
1749262715,6.19400000,3.11000000,6.301
1749262715,6.19200000,190.45000000,6.301
1749262715,6.19100000,8.86000000,6.301
1749263023,6.30600000,11.58000000,6.307
1749263023,6.30500000,77.01000000,6.307
1749263023,6.30400000,215.78000000,6.307
1749263023,6.30300000,288.94000000,6.307
1749263023,6.30200000,146.12000000,6.307
1749263023,6.30100000,64.85000000,6.307
1749263023,6.30000000,260.93000000,6.307
1749263023,6.29900000,274.77000000,6.307
1749263023,6.29800000,352.99000000,6.307
1749263023,6.29700000,100.24000000,6.307
1749263023,6.29600000,332.92000000,6.307
1749263023,6.29500000,611.51000000,6.307
1749263023,6.29400000,874.39000000,6.307
1749263023,6.29300000,576.94000000,6.307
1749263023,6.29200000,78.31000000,6.307
1749263023,6.29100000,39.69000000,6.307
1749263023,6.29000000,110.22000000,6.307
1749263023,6.28900000,42.81000000,6.307
1749263023,6.28800000,56.84000000,6.307
1749263023,6.28700000,117.13000000,6.307
1749263023,6.28600000,1000.00000000,6.307
1749263023,6.28500000,594.28000000,6.307
1749263023,6.28400000,147.12000000,6.307
1749263023,6.28300000,34.76000000,6.307
1749263023,6.28200000,516.43000000,6.307
1749263023,6.28100000,221.24000000,6.307
1749263023,6.28000000,672.44000000,6.307
1749263023,6.27900000,38.50000000,6.307
1749263023,6.27800000,19761.53000000,6.307
1749263023,6.27700000,39.70000000,6.307
1749263023,6.27600000,38.50000000,6.307
1749263023,6.27500000,119.20000000,6.307
1749263023,6.27400000,106.10000000,6.307
1749263023,6.27300000,38.50000000,6.307
1749263023,6.27200000,147.12000000,6.307
1749263023,6.27100000,39.70000000,6.307
1749263023,6.27000000,38.50000000,6.307
1749263023,6.26900000,293.44000000,6.307
1749263023,6.26800000,923.70000000,6.307
1749263023,6.26700000,38.50000000,6.307
1749263023,6.26600000,147.12000000,6.307
1749263023,6.26500000,39.70000000,6.307
1749263023,6.26400000,38.48000000,6.307
1749263023,6.26300000,42.64000000,6.307
1749263023,6.26200000,117.27000000,6.307
1749263023,6.26100000,38.48000000,6.307
1749263023,6.26000000,2038.26000000,6.307
1749263023,6.25900000,49.75000000,6.307
1749263023,6.25800000,2.41000000,6.307
1749263023,6.25700000,4.69000000,6.307
1749263023,6.25600000,80.37000000,6.307
1749263023,6.25500000,1.58000000,6.307
1749263023,6.25400000,1.58000000,6.307
1749263023,6.25300000,2.78000000,6.307
1749263023,6.25200000,1.59000000,6.307
1749263023,6.25100000,1396.51000000,6.307
1749263023,6.25000000,19275.73000000,6.307
1749263023,6.24900000,1.59000000,6.307
1749263023,6.24800000,1.59000000,6.307
1749263023,6.24700000,2.79000000,6.307
1749263023,6.24600000,552.36000000,6.307
1749263023,6.24500000,53.47000000,6.307
1749263023,6.24400000,111.42000000,6.307
1749263023,6.24300000,79.18000000,6.307
1749263023,6.24200000,1.59000000,6.307
1749263023,6.24100000,2.80000000,6.307
1749263023,6.24000000,189.14000000,6.307
1749263023,6.23900000,4.70000000,6.307
1749263023,6.23800000,1010.32000000,6.307
1749263023,6.23700000,110.21000000,6.307
1749263023,6.23600000,1.59000000,6.307
1749263023,6.23500000,2.80000000,6.307
1749263023,6.23400000,1.59000000,6.307
1749263023,6.23300000,1.59000000,6.307
1749263023,6.23200000,83.50000000,6.307
1749263023,6.23100000,110.21000000,6.307
1749263023,6.22900000,527.98000000,6.307
1749263023,6.22600000,2.03000000,6.307
1749263023,6.22500000,334.22000000,6.307
1749263023,6.22400000,77.59000000,6.307
1749263023,6.22300000,1.20000000,6.307
1749263023,6.22000000,161.97000000,6.307
1749263023,6.21900000,111.73000000,6.307
1749263023,6.21700000,1.20000000,6.307
1749263023,6.21600000,77.59000000,6.307
1749263023,6.21400000,1.20000000,6.307
1749263023,6.21300000,111.73000000,6.307
1749263023,6.21100000,1.20000000,6.307
1749263023,6.20800000,78.79000000,6.307
1749263023,6.20700000,108.62000000,6.307
1749263023,6.20600000,3.11000000,6.307
1749263023,6.20500000,1.20000000,6.307
1749263023,6.20200000,69.20000000,6.307
1749263023,6.20100000,585.28000000,6.307
1749263023,6.20000000,149.75000000,6.307
1749263023,6.19900000,10.34000000,6.307
1749263023,6.19800000,50.17000000,6.307
1749263023,6.19500000,109.45000000,6.307
1749263023,6.19400000,219.12000000,6.307
1749263023,6.19200000,181.59000000,6.307
1749263332,6.32300000,8.06000000,6.323
1749263332,6.32200000,86.99000000,6.323
1749263332,6.32100000,190.47000000,6.323
1749263332,6.32000000,142.83000000,6.323
1749263332,6.31900000,212.98000000,6.323
1749263332,6.31800000,117.27000000,6.323
1749263332,6.31700000,71.79000000,6.323
1749263332,6.31600000,114.70000000,6.323
1749263332,6.31500000,165.37000000,6.323
1749263332,6.31400000,332.86000000,6.323
1749263332,6.31300000,970.68000000,6.323
1749263332,6.31200000,418.48000000,6.323
1749263332,6.31100000,575.26000000,6.323
1749263332,6.31000000,889.62000000,6.323
1749263332,6.30900000,1148.57000000,6.323
1749263332,6.30800000,602.03000000,6.323
1749263332,6.30700000,302.78000000,6.323
1749263332,6.30600000,96.13000000,6.323
1749263332,6.30500000,38.49000000,6.323
1749263332,6.30400000,39.68000000,6.323
1749263332,6.30300000,164.06000000,6.323
1749263332,6.30200000,54.51000000,6.323
1749263332,6.30100000,39.68000000,6.323
1749263332,6.30000000,116.08000000,6.323
1749263332,6.29900000,55.45000000,6.323
1749263332,6.29800000,39.69000000,6.323
1749263332,6.29700000,55.45000000,6.323
1749263332,6.29600000,417.22000000,6.323
1749263332,6.29500000,18936.74000000,6.323
1749263332,6.29400000,98.45000000,6.323
1749263332,6.29300000,738.56000000,6.323
1749263332,6.29200000,39.69000000,6.323
1749263332,6.29100000,491.97000000,6.323
1749263332,6.29000000,127.19000000,6.323
1749263332,6.28900000,43.63000000,6.323
1749263332,6.28800000,60.61000000,6.323
1749263332,6.28700000,749.87000000,6.323
1749263332,6.28600000,940.67000000,6.323
1749263332,6.28500000,594.28000000,6.323
1749263332,6.28400000,214.46000000,6.323
1749263332,6.28300000,52.78000000,6.323
1749263332,6.28200000,53.41000000,6.323
1749263332,6.28100000,116.09000000,6.323
1749263332,6.28000000,2.80000000,6.323
1749263332,6.27900000,541.30000000,6.323
1749263332,6.27800000,147.12000000,6.323
1749263332,6.27700000,2.80000000,6.323
1749263332,6.27600000,69.44000000,6.323
1749263332,6.27500000,82.30000000,6.323
1749263332,6.27400000,12.84000000,6.323
1749263332,6.27300000,1.60000000,6.323
1749263332,6.27200000,1204.11000000,6.323
1749263332,6.27100000,550.11000000,6.323
1749263332,6.27000000,374.85000000,6.323
1749263332,6.26900000,82.30000000,6.323
1749263332,6.26800000,19637.32000000,6.323
1749263332,6.26700000,844.41000000,6.323
1749263332,6.26600000,110.22000000,6.323
1749263332,6.26500000,2.80000000,6.323
1749263332,6.26400000,1.58000000,6.323
1749263332,6.26300000,30.76000000,6.323
1749263332,6.26200000,80.37000000,6.323
1749263332,6.26100000,1.58000000,6.323
1749263332,6.26000000,424.22000000,6.323
1749263332,6.25900000,2.78000000,6.323
1749263332,6.25800000,2.41000000,6.323
1749263332,6.25700000,4.69000000,6.323
1749263332,6.25600000,80.37000000,6.323
1749263332,6.25500000,109.99000000,6.323
1749263332,6.25400000,1.59000000,6.323
1749263332,6.25300000,2.79000000,6.323
1749263332,6.25200000,1.59000000,6.323
1749263332,6.25100000,5.50000000,6.323
1749263332,6.25000000,189.00000000,6.323
1749263332,6.24900000,1.59000000,6.323
1749263332,6.24800000,1.59000000,6.323
1749263332,6.24700000,237.97000000,6.323
1749263332,6.24500000,51.88000000,6.323
1749263332,6.24400000,109.83000000,6.323
1749263332,6.24300000,77.59000000,6.323
1749263332,6.24100000,1.21000000,6.323
1749263332,6.24000000,80.15000000,6.323
1749263332,6.23900000,3.11000000,6.323
1749263332,6.23800000,633.57000000,6.323
1749263332,6.23700000,108.62000000,6.323
1749263332,6.23500000,1.21000000,6.323
1749263332,6.23200000,81.91000000,6.323
1749263332,6.23100000,108.62000000,6.323
1749263332,6.22900000,1.21000000,6.323
1749263332,6.22600000,2.03000000,6.323
1749263332,6.22500000,334.22000000,6.323
1749263332,6.22400000,77.59000000,6.323
1749263332,6.22300000,1.20000000,6.323
1749263332,6.22100000,352.34000000,6.323
1749263332,6.22000000,161.97000000,6.323
1749263332,6.21900000,301.85000000,6.323
1749263332,6.21700000,1.20000000,6.323
1749263332,6.21600000,77.59000000,6.323
1749263332,6.21400000,1.20000000,6.323
1749263332,6.21300000,111.73000000,6.323
1749263633,6.32600000,1.59000000,6.327
1749263633,6.32500000,100.33000000,6.327
1749263633,6.32400000,133.97000000,6.327
1749263633,6.32300000,175.10000000,6.327
1749263633,6.32200000,135.61000000,6.327
1749263633,6.32100000,73.90000000,6.327
1749263633,6.32000000,196.06000000,6.327
1749263633,6.31900000,557.72000000,6.327
1749263633,6.31800000,630.40000000,6.327
1749263633,6.31700000,218.41000000,6.327
1749263633,6.31600000,357.49000000,6.327
1749263633,6.31500000,699.17000000,6.327
1749263633,6.31400000,345.31000000,6.327
1749263633,6.31300000,1255.75000000,6.327
1749263633,6.31200000,655.96000000,6.327
1749263633,6.31100000,213.10000000,6.327
1749263633,6.31000000,477.88000000,6.327
1749263633,6.30900000,38.49000000,6.327
1749263633,6.30800000,1.59000000,6.327
1749263633,6.30700000,19.08000000,6.327
1749263633,6.30600000,38.49000000,6.327
1749263633,6.30500000,224.70000000,6.327
1749263633,6.30400000,39.68000000,6.327
1749263633,6.30300000,38.49000000,6.327
1749263633,6.30200000,38.49000000,6.327
1749263633,6.30100000,42.79000000,6.327
1749263633,6.30000000,95.03000000,6.327
1749263633,6.29900000,224.70000000,6.327
1749263633,6.29800000,39.69000000,6.327
1749263633,6.29700000,474.99000000,6.327
1749263633,6.29600000,143.49000000,6.327
1749263633,6.29500000,42.80000000,6.327
1749263633,6.29400000,38.49000000,6.327
1749263633,6.29300000,302.16000000,6.327
1749263633,6.29200000,39.69000000,6.327
1749263633,6.29100000,38.49000000,6.327
1749263633,6.29000000,43.64000000,6.327
1749263633,6.28900000,217.41000000,6.327
1749263633,6.28800000,922.50000000,6.327
1749263633,6.28700000,858.49000000,6.327
1749263633,6.28600000,39.70000000,6.327
1749263633,6.28500000,594.28000000,6.327
1749263633,6.28400000,38.50000000,6.327
1749263633,6.28300000,34.76000000,6.327
1749263633,6.28200000,103.83000000,6.327
1749263633,6.28100000,116.09000000,6.327
1749263633,6.28000000,39.70000000,6.327
1749263633,6.27900000,557.08000000,6.327
1749263633,6.27800000,147.12000000,6.327
1749263633,6.27700000,39.70000000,6.327
1749263633,6.27600000,1.60000000,6.327
1749263633,6.27500000,82.30000000,6.327
1749263633,6.27400000,12.84000000,6.327
1749263633,6.27300000,548.74000000,6.327
1749263633,6.27200000,1204.11000000,6.327
1749263633,6.27100000,2.80000000,6.327
1749263633,6.27000000,1.60000000,6.327
1749263633,6.26900000,159.76000000,6.327
1749263633,6.26800000,28.98000000,6.327
1749263633,6.26700000,845.46000000,6.327
1749263633,6.26600000,110.22000000,6.327
1749263633,6.26500000,2.80000000,6.327
1749263633,6.26400000,1.58000000,6.327
1749263633,6.26300000,4.69000000,6.327
1749263633,6.26200000,604.52000000,6.327
1749263633,6.26100000,1.58000000,6.327
1749263633,6.26000000,424.22000000,6.327
1749263633,6.25900000,2.78000000,6.327
1749263633,6.25800000,2.41000000,6.327
1749263633,6.25700000,4.69000000,6.327
1749263633,6.25600000,187.86000000,6.327
1749263633,6.25500000,1.59000000,6.327
1749263633,6.25400000,1.59000000,6.327
1749263633,6.25300000,2.79000000,6.327
1749263633,6.25200000,1.59000000,6.327
1749263633,6.25100000,4.70000000,6.327
1749263633,6.25000000,187.41000000,6.327
1749263633,6.24700000,237.97000000,6.327
1749263633,6.24500000,426.62000000,6.327
1749263633,6.24400000,109.83000000,6.327
1749263633,6.24300000,77.59000000,6.327
1749263633,6.24100000,1.21000000,6.327
1749263633,6.24000000,80.15000000,6.327
1749263633,6.23900000,3.11000000,6.327
1749263633,6.23800000,1138.96000000,6.327
1749263633,6.23700000,108.62000000,6.327
1749263633,6.23500000,1.21000000,6.327
1749263633,6.23200000,81.91000000,6.327
1749263633,6.23100000,108.62000000,6.327
1749263633,6.22900000,21.87000000,6.327
1749263633,6.22600000,2.03000000,6.327
1749263633,6.22500000,334.22000000,6.327
1749263633,6.22400000,77.59000000,6.327
1749263633,6.22300000,160.28000000,6.327
1749263633,6.22200000,201.47000000,6.327
1749263633,6.22000000,161.97000000,6.327
1749263633,6.21900000,366.66000000,6.327
1749263633,6.21700000,1.20000000,6.327
1749263633,6.21600000,77.59000000,6.327
1749263633,6.21400000,1.20000000,6.327
1749263940,6.32900000,1.59000000,6.328
1749263940,6.32800000,84.02000000,6.328
1749263940,6.32700000,200.42000000,6.328
1749263940,6.32600000,190.82000000,6.328
1749263940,6.32500000,65.09000000,6.328
1749263940,6.32400000,216.65000000,6.328
1749263940,6.32300000,638.24000000,6.328
1749263940,6.32200000,750.90000000,6.328
1749263940,6.32100000,700.93000000,6.328
1749263940,6.32000000,218.59000000,6.328
1749263940,6.31900000,534.46000000,6.328
1749263940,6.31800000,899.90000000,6.328
1749263940,6.31700000,303.45000000,6.328
1749263940,6.31600000,1324.20000000,6.328
1749263940,6.31500000,292.68000000,6.328
1749263940,6.31400000,68.59000000,6.328
1749263940,6.31300000,151.41000000,6.328
1749263940,6.31200000,55.42000000,6.328
1749263940,6.31100000,116.08000000,6.328
1749263940,6.31000000,2.78000000,6.328
1749263940,6.30900000,55.43000000,6.328
1749263940,6.30800000,55.43000000,6.328
1749263940,6.30700000,492.44000000,6.328
1749263940,6.30600000,55.44000000,6.328
1749263940,6.30500000,224.70000000,6.328
1749263940,6.30400000,56.63000000,6.328
1749263940,6.30300000,81.48000000,6.328
1749263940,6.30200000,229.09000000,6.328
1749263940,6.30100000,20545.03000000,6.328
1749263940,6.30000000,55.40000000,6.328
1749263940,6.29900000,224.70000000,6.328
1749263940,6.29800000,61.74000000,6.328
1749263940,6.29700000,1027.45000000,6.328
1749263940,6.29600000,117.66000000,6.328
1749263940,6.29500000,59.71000000,6.328
1749263940,6.29400000,55.40000000,6.328
1749263940,6.29300000,224.70000000,6.328
1749263940,6.29200000,39.69000000,6.328
1749263940,6.29100000,572.99000000,6.328
1749263940,6.29000000,55.41000000,6.328
1749263940,6.28900000,43.63000000,6.328
1749263940,6.28800000,18.51000000,6.328
1749263940,6.28700000,188.85000000,6.328
1749263940,6.28600000,2.80000000,6.328
1749263940,6.28500000,594.28000000,6.328
1749263940,6.28400000,1096.54000000,6.328
1749263940,6.28300000,2.80000000,6.328
1749263940,6.28200000,72.10000000,6.328
1749263940,6.28100000,79.19000000,6.328
1749263940,6.28000000,114.44000000,6.328
1749263940,6.27900000,1.60000000,6.328
1749263940,6.27800000,1005.80000000,6.328
1749263940,6.27700000,315.97000000,6.328
1749263940,6.27600000,11.64000000,6.328
1749263940,6.27500000,82.30000000,6.328
1749263940,6.27400000,19511.05000000,6.328
1749263940,6.27300000,548.74000000,6.328
1749263940,6.27200000,110.22000000,6.328
1749263940,6.27100000,2.80000000,6.328
1749263940,6.27000000,1.60000000,6.328
1749263940,6.26900000,108.52000000,6.328
1749263940,6.26800000,2.80000000,6.328
1749263940,6.26700000,844.41000000,6.328
1749263940,6.26600000,110.22000000,6.328
1749263940,6.26500000,2.80000000,6.328
1749263940,6.26400000,1.58000000,6.328
1749263940,6.26300000,4.69000000,6.328
1749263940,6.26200000,80.37000000,6.328
1749263940,6.26100000,1.58000000,6.328
1749263940,6.26000000,664.97000000,6.328
1749263940,6.25900000,2.78000000,6.328
1749263940,6.25800000,2.41000000,6.328
1749263940,6.25700000,4.69000000,6.328
1749263940,6.25600000,187.76000000,6.328
1749263940,6.25500000,1.58000000,6.328
1749263940,6.25400000,1.59000000,6.328
1749263940,6.25300000,223.69000000,6.328
1749263940,6.25100000,3.91000000,6.328
1749263940,6.25000000,187.41000000,6.328
1749263940,6.24800000,10.34000000,6.328
1749263940,6.24700000,1.20000000,6.328
1749263940,6.24500000,51.88000000,6.328
1749263940,6.24400000,109.83000000,6.328
1749263940,6.24300000,77.59000000,6.328
1749263940,6.24200000,20.61000000,6.328
1749263940,6.24100000,1.21000000,6.328
1749263940,6.24000000,80.15000000,6.328
1749263940,6.23900000,3.11000000,6.328
1749263940,6.23800000,584.19000000,6.328
1749263940,6.23700000,108.62000000,6.328
1749263940,6.23500000,1.21000000,6.328
1749263940,6.23200000,81.91000000,6.328
1749263940,6.23100000,108.62000000,6.328
1749263940,6.22900000,1.21000000,6.328
1749263940,6.22600000,1.20000000,6.328
1749263940,6.22500000,223.82000000,6.328
1749263940,6.22400000,189.68000000,6.328
1749263940,6.22300000,160.28000000,6.328
1749263940,6.22000000,161.97000000,6.328
1749263940,6.21900000,111.73000000,6.328
1749264242,6.30700000,8.06000000,6.307
1749264242,6.30600000,108.22000000,6.307
1749264242,6.30500000,160.70000000,6.307
1749264242,6.30400000,211.84000000,6.307
1749264242,6.30300000,447.13000000,6.307
1749264242,6.30200000,214.06000000,6.307
1749264242,6.30100000,78.15000000,6.307
1749264242,6.30000000,191.49000000,6.307
1749264242,6.29900000,468.54000000,6.307
1749264242,6.29800000,871.01000000,6.307
1749264242,6.29700000,748.34000000,6.307
1749264242,6.29600000,906.22000000,6.307
1749264242,6.29500000,1135.54000000,6.307
1749264242,6.29400000,413.47000000,6.307
1749264242,6.29300000,290.58000000,6.307
1749264242,6.29200000,111.12000000,6.307
1749264242,6.29100000,38.49000000,6.307
1749264242,6.29000000,1048.80000000,6.307
1749264242,6.28900000,976.37000000,6.307
1749264242,6.28800000,105.91000000,6.307
1749264242,6.28700000,225.75000000,6.307
1749264242,6.28600000,44.85000000,6.307
1749264242,6.28500000,594.28000000,6.307
1749264242,6.28400000,38.50000000,6.307
1749264242,6.28300000,39.70000000,6.307
1749264242,6.28200000,1004.95000000,6.307
1749264242,6.28100000,192.87000000,6.307
1749264242,6.28000000,73.49000000,6.307
1749264242,6.27900000,20126.67000000,6.307
1749264242,6.27800000,147.12000000,6.307
1749264242,6.27700000,108.18000000,6.307
1749264242,6.27600000,38.50000000,6.307
1749264242,6.27500000,150.77000000,6.307
1749264242,6.27400000,1096.69000000,6.307
1749264242,6.27300000,38.50000000,6.307
1749264242,6.27200000,147.12000000,6.307
1749264242,6.27100000,39.70000000,6.307
1749264242,6.27000000,111.78000000,6.307
1749264242,6.26900000,119.20000000,6.307
1749264242,6.26800000,40.75000000,6.307
1749264242,6.26700000,844.41000000,6.307
1749264242,6.26600000,147.12000000,6.307
1749264242,6.26500000,2.80000000,6.307
1749264242,6.26400000,1.58000000,6.307
1749264242,6.26300000,41.59000000,6.307
1749264242,6.26200000,117.27000000,6.307
1749264242,6.26100000,1.58000000,6.307
1749264242,6.26000000,664.97000000,6.307
1749264242,6.25900000,316.85000000,6.307
1749264242,6.25800000,2.41000000,6.307
1749264242,6.25700000,4.69000000,6.307
1749264242,6.25600000,1284.28000000,6.307
1749264242,6.25500000,1.58000000,6.307
1749264242,6.25400000,1.59000000,6.307
1749264242,6.25300000,225.28000000,6.307
1749264242,6.25200000,375.91000000,6.307
1749264242,6.25100000,14.78000000,6.307
1749264242,6.25000000,19224.55000000,6.307
1749264242,6.24900000,1.59000000,6.307
1749264242,6.24800000,11.93000000,6.307
1749264242,6.24700000,28.08000000,6.307
1749264242,6.24600000,1.59000000,6.307
1749264242,6.24500000,53.47000000,6.307
1749264242,6.24400000,111.42000000,6.307
1749264242,6.24300000,79.18000000,6.307
1749264242,6.24200000,1.59000000,6.307
1749264242,6.24100000,2.80000000,6.307
1749264242,6.24000000,189.45000000,6.307
1749264242,6.23900000,4.70000000,6.307
1749264242,6.23800000,585.78000000,6.307
1749264242,6.23700000,130.84000000,6.307
1749264242,6.23600000,1.59000000,6.307
1749264242,6.23500000,2.80000000,6.307
1749264242,6.23400000,1.59000000,6.307
1749264242,6.23300000,1.59000000,6.307
1749264242,6.23200000,83.50000000,6.307
1749264242,6.23100000,108.62000000,6.307
1749264242,6.22900000,1.21000000,6.307
1749264242,6.22600000,2.02000000,6.307
1749264242,6.22500000,111.73000000,6.307
1749264242,6.22400000,77.59000000,6.307
1749264242,6.22300000,160.28000000,6.307
1749264242,6.22000000,161.97000000,6.307
1749264242,6.21900000,111.73000000,6.307
1749264242,6.21700000,1.20000000,6.307
1749264242,6.21600000,77.59000000,6.307
1749264242,6.21300000,111.73000000,6.307
1749264242,6.20800000,77.59000000,6.307
1749264242,6.20700000,108.62000000,6.307
1749264242,6.20600000,3.11000000,6.307
1749264242,6.20100000,108.62000000,6.307
1749264242,6.20000000,5.52000000,6.307
1749264242,6.19800000,1.40000000,6.307
1749264242,6.19600000,48.77000000,6.307
1749264242,6.19500000,294.31000000,6.307
1749264242,6.19400000,404.81000000,6.307
1749264242,6.19200000,421.47000000,6.307
1749264242,6.18900000,108.62000000,6.307
1749264242,6.18800000,3.11000000,6.307
1749264242,6.18700000,43024.59000000,6.307
1749264549,6.30400000,20.24000000,6.304
1749264549,6.30300000,135.95000000,6.304
1749264549,6.30200000,298.41000000,6.304
1749264549,6.30100000,386.02000000,6.304
1749264549,6.30000000,304.49000000,6.304
1749264549,6.29900000,371.09000000,6.304
1749264549,6.29800000,57.75000000,6.304
1749264549,6.29700000,164.11000000,6.304
1749264549,6.29600000,523.22000000,6.304
1749264549,6.29500000,641.56000000,6.304
1749264549,6.29400000,992.96000000,6.304
1749264549,6.29300000,377.19000000,6.304
1749264549,6.29200000,1395.12000000,6.304
1749264549,6.29100000,296.61000000,6.304
1749264549,6.29000000,106.66000000,6.304
1749264549,6.28900000,369.05000000,6.304
1749264549,6.28800000,493.16000000,6.304
1749264549,6.28700000,118.33000000,6.304
1749264549,6.28600000,178.49000000,6.304
1749264549,6.28500000,594.28000000,6.304
1749264549,6.28400000,767.52000000,6.304
1749264549,6.28300000,39.70000000,6.304
1749264549,6.28200000,41.61000000,6.304
1749264549,6.28100000,166.30000000,6.304
1749264549,6.28000000,39.70000000,6.304
1749264549,6.27900000,68.67000000,6.304
1749264549,6.27800000,164.10000000,6.304
1749264549,6.27700000,923.70000000,6.304
1749264549,6.27600000,19845.65000000,6.304
1749264549,6.27500000,341.66000000,6.304
1749264549,6.27400000,1239.36000000,6.304
1749264549,6.27300000,55.46000000,6.304
1749264549,6.27200000,147.12000000,6.304
1749264549,6.27100000,56.66000000,6.304
1749264549,6.27000000,162.59000000,6.304
1749264549,6.26900000,150.99000000,6.304
1749264549,6.26800000,57.71000000,6.304
1749264549,6.26700000,844.41000000,6.304
1749264549,6.26600000,269.52000000,6.304
1749264549,6.26500000,71.32000000,6.304
1749264549,6.26400000,72.28000000,6.304
1749264549,6.26300000,41.59000000,6.304
1749264549,6.26200000,117.27000000,6.304
1749264549,6.26100000,55.45000000,6.304
1749264549,6.26000000,1185.12000000,6.304
1749264549,6.25900000,333.82000000,6.304
1749264549,6.25800000,39.31000000,6.304
1749264549,6.25700000,21.66000000,6.304
1749264549,6.25600000,1153.99000000,6.304
1749264549,6.25500000,1.58000000,6.304
1749264549,6.25400000,1.59000000,6.304
1749264549,6.25300000,2.79000000,6.304
1749264549,6.25200000,540.27000000,6.304
1749264549,6.25100000,4.70000000,6.304
1749264549,6.25000000,189.00000000,6.304
1749264549,6.24900000,1.59000000,6.304
1749264549,6.24800000,11.93000000,6.304
1749264549,6.24700000,2.79000000,6.304
1749264549,6.24600000,11.68000000,6.304
1749264549,6.24500000,19398.94000000,6.304
1749264549,6.24400000,111.42000000,6.304
1749264549,6.24300000,79.18000000,6.304
1749264549,6.24200000,26.73000000,6.304
1749264549,6.24100000,2.80000000,6.304
1749264549,6.24000000,189.45000000,6.304
1749264549,6.23900000,4.70000000,6.304
1749264549,6.23800000,585.78000000,6.304
1749264549,6.23700000,130.84000000,6.304
1749264549,6.23600000,1.59000000,6.304
1749264549,6.23500000,2.80000000,6.304
1749264549,6.23400000,224.08000000,6.304
1749264549,6.23300000,1.59000000,6.304
1749264549,6.23200000,83.50000000,6.304
1749264549,6.23100000,110.21000000,6.304
1749264549,6.23000000,1.59000000,6.304
1749264549,6.22900000,2.80000000,6.304
1749264549,6.22600000,2.02000000,6.304
1749264549,6.22500000,111.73000000,6.304
1749264549,6.22400000,77.59000000,6.304
1749264549,6.22300000,1.20000000,6.304
1749264549,6.22000000,161.97000000,6.304
1749264549,6.21900000,111.73000000,6.304
1749264549,6.21700000,1.20000000,6.304
1749264549,6.21600000,77.59000000,6.304
1749264549,6.21300000,111.73000000,6.304
1749264549,6.20800000,77.59000000,6.304
1749264549,6.20700000,108.62000000,6.304
1749264549,6.20600000,3.11000000,6.304
1749264549,6.20500000,159.54000000,6.304
1749264549,6.20100000,108.62000000,6.304
1749264549,6.20000000,3.11000000,6.304
1749264549,6.19800000,1.40000000,6.304
1749264549,6.19700000,159.19000000,6.304
1749264549,6.19600000,207.96000000,6.304
1749264549,6.19500000,108.62000000,6.304
1749264549,6.19400000,219.12000000,6.304
1749264549,6.19200000,104.00000000,6.304
1749264549,6.18900000,108.62000000,6.304
1749264549,6.18800000,3.11000000,6.304
1749264549,6.18700000,317.72000000,6.304
1749264850,6.30200000,52.85000000,6.302
1749264850,6.30100000,98.25000000,6.302
1749264850,6.30000000,339.26000000,6.302
1749264850,6.29900000,287.56000000,6.302
1749264850,6.29800000,60.94000000,6.302
1749264850,6.29700000,74.13000000,6.302
1749264850,6.29600000,83.63000000,6.302
1749264850,6.29500000,378.96000000,6.302
1749264850,6.29400000,743.63000000,6.302
1749264850,6.29300000,349.17000000,6.302
1749264850,6.29200000,174.39000000,6.302
1749264850,6.29100000,113.60000000,6.302
1749264850,6.29000000,125.62000000,6.302
1749264850,6.28900000,239.80000000,6.302
1749264850,6.28800000,63.92000000,6.302
1749264850,6.28700000,275.83000000,6.302
1749264850,6.28600000,289.87000000,6.302
1749264850,6.28500000,1555.78000000,6.302
1749264850,6.28400000,339.70000000,6.302
1749264850,6.28300000,57.89000000,6.302
1749264850,6.28200000,93.05000000,6.302
1749264850,6.28100000,116.09000000,6.302
1749264850,6.28000000,56.69000000,6.302
1749264850,6.27900000,488.21000000,6.302
1749264850,6.27800000,147.12000000,6.302
1749264850,6.27700000,99.52000000,6.302
1749264850,6.27600000,87.06000000,6.302
1749264850,6.27500000,119.20000000,6.302
1749264850,6.27400000,20130.25000000,6.302
1749264850,6.27300000,175.30000000,6.302
1749264850,6.27200000,164.11000000,6.302
1749264850,6.27100000,214.24000000,6.302
1749264850,6.27000000,1026.98000000,6.302
1749264850,6.26900000,150.99000000,6.302
1749264850,6.26800000,57.74000000,6.302
1749264850,6.26700000,38.50000000,6.302
1749264850,6.26600000,164.11000000,6.302
1749264850,6.26500000,150.51000000,6.302
1749264850,6.26400000,1095.47000000,6.302
1749264850,6.26300000,58.58000000,6.302
1749264850,6.26200000,117.27000000,6.302
1749264850,6.26100000,38.48000000,6.302
1749264850,6.26000000,164.09000000,6.302
1749264850,6.25900000,316.85000000,6.302
1749264850,6.25800000,39.31000000,6.302
1749264850,6.25700000,41.59000000,6.302
1749264850,6.25600000,1153.99000000,6.302
1749264850,6.25500000,881.29000000,6.302
1749264850,6.25400000,1.59000000,6.302
1749264850,6.25300000,523.53000000,6.302
1749264850,6.25200000,375.91000000,6.302
1749264850,6.25100000,4.70000000,6.302
1749264850,6.25000000,189.00000000,6.302
1749264850,6.24900000,358.10000000,6.302
1749264850,6.24800000,11.93000000,6.302
1749264850,6.24700000,2.79000000,6.302
1749264850,6.24600000,11.68000000,6.302
1749264850,6.24500000,53.47000000,6.302
1749264850,6.24400000,666.19000000,6.302
1749264850,6.24300000,19995.87000000,6.302
1749264850,6.24200000,1.59000000,6.302
1749264850,6.24100000,27.90000000,6.302
1749264850,6.24000000,81.74000000,6.302
1749264850,6.23900000,4.70000000,6.302
1749264850,6.23800000,665.42000000,6.302
1749264850,6.23700000,221.82000000,6.302
1749264850,6.23600000,1.59000000,6.302
1749264850,6.23500000,2.80000000,6.302
1749264850,6.23400000,224.08000000,6.302
1749264850,6.23300000,1.59000000,6.302
1749264850,6.23200000,83.50000000,6.302
1749264850,6.23100000,110.21000000,6.302
1749264850,6.23000000,1.59000000,6.302
1749264850,6.22900000,2.80000000,6.302
1749264850,6.22800000,1.59000000,6.302
1749264850,6.22700000,1.59000000,6.302
1749264850,6.22600000,2.02000000,6.302
1749264850,6.22500000,221.97000000,6.302
1749264850,6.22400000,77.59000000,6.302
1749264850,6.22300000,21.87000000,6.302
1749264850,6.22000000,273.31000000,6.302
1749264850,6.21900000,111.73000000,6.302
1749264850,6.21700000,1.20000000,6.302
1749264850,6.21600000,77.59000000,6.302
1749264850,6.21400000,81.13000000,6.302
1749264850,6.21300000,111.73000000,6.302
1749264850,6.20800000,77.59000000,6.302
1749264850,6.20700000,108.62000000,6.302
1749264850,6.20600000,3.11000000,6.302
1749264850,6.20500000,159.54000000,6.302
1749264850,6.20100000,108.62000000,6.302
1749264850,6.20000000,3.11000000,6.302
1749264850,6.19800000,1.40000000,6.302
1749264850,6.19600000,48.77000000,6.302
1749264850,6.19500000,109.45000000,6.302
1749264850,6.19400000,219.12000000,6.302
1749264850,6.19200000,139.18000000,6.302
1749264850,6.19100000,35.18000000,6.302
1749264850,6.18900000,108.62000000,6.302
1749264850,6.18800000,3.11000000,6.302
1749265153,6.30600000,18.06000000,6.306
1749265153,6.30500000,166.74000000,6.306
1749265153,6.30400000,334.59000000,6.306
1749265153,6.30300000,414.83000000,6.306
1749265153,6.30200000,34.92000000,6.306
1749265153,6.30100000,110.53000000,6.306
1749265153,6.30000000,358.47000000,6.306
1749265153,6.29900000,330.91000000,6.306
1749265153,6.29800000,472.53000000,6.306
1749265153,6.29700000,43.98000000,6.306
1749265153,6.29600000,203.87000000,6.306
1749265153,6.29500000,326.90000000,6.306
1749265153,6.29400000,130.40000000,6.306
1749265153,6.29300000,219.49000000,6.306
1749265153,6.29200000,300.67000000,6.306
1749265153,6.29100000,259.07000000,6.306
1749265153,6.29000000,367.71000000,6.306
1749265153,6.28900000,22.90000000,6.306
1749265153,6.28800000,38.50000000,6.306
1749265153,6.28700000,134.12000000,6.306
1749265153,6.28600000,1170.32000000,6.306
1749265153,6.28500000,594.28000000,6.306
1749265153,6.28400000,38.50000000,6.306
1749265153,6.28300000,526.97000000,6.306
1749265153,6.28200000,58.60000000,6.306
1749265153,6.28100000,748.83000000,6.306
1749265153,6.28000000,209.57000000,6.306
1749265153,6.27900000,225.97000000,6.306
1749265153,6.27800000,19985.98000000,6.306
1749265153,6.27700000,56.69000000,6.306
1749265153,6.27600000,126.05000000,6.306
1749265153,6.27500000,224.72000000,6.306
1749265153,6.27400000,2.80000000,6.306
1749265153,6.27300000,55.49000000,6.306
1749265153,6.27200000,477.53000000,6.306
1749265153,6.27100000,39.70000000,6.306
1749265153,6.27000000,922.50000000,6.306
1749265153,6.26900000,119.20000000,6.306
1749265153,6.26800000,577.23000000,6.306
1749265153,6.26700000,38.50000000,6.306
1749265153,6.26600000,164.11000000,6.306
1749265153,6.26500000,39.70000000,6.306
1749265153,6.26400000,1095.47000000,6.306
1749265153,6.26300000,58.58000000,6.306
1749265153,6.26200000,117.27000000,6.306
1749265153,6.26100000,1.58000000,6.306
1749265153,6.26000000,110.20000000,6.306
1749265153,6.25900000,2.78000000,6.306
1749265153,6.25800000,2.41000000,6.306
1749265153,6.25700000,4.69000000,6.306
1749265153,6.25600000,1153.99000000,6.306
1749265153,6.25500000,844.39000000,6.306
1749265153,6.25400000,1.59000000,6.306
1749265153,6.25300000,2.79000000,6.306
1749265153,6.25200000,487.25000000,6.306
1749265153,6.25100000,14.78000000,6.306
1749265153,6.25000000,189.00000000,6.306
1749265153,6.24900000,238.29000000,6.306
1749265153,6.24800000,19858.63000000,6.306
1749265153,6.24700000,2.79000000,6.306
1749265153,6.24600000,1.59000000,6.306
1749265153,6.24500000,78.74000000,6.306
1749265153,6.24400000,666.19000000,6.306
1749265153,6.24300000,188.04000000,6.306
1749265153,6.24200000,1.59000000,6.306
1749265153,6.24100000,2.80000000,6.306
1749265153,6.24000000,81.74000000,6.306
1749265153,6.23900000,4.70000000,6.306
1749265153,6.23800000,665.42000000,6.306
1749265153,6.23700000,110.21000000,6.306
1749265153,6.23600000,22.22000000,6.306
1749265153,6.23500000,2.80000000,6.306
1749265153,6.23400000,224.08000000,6.306
1749265153,6.23300000,1.59000000,6.306
1749265153,6.23200000,83.50000000,6.306
1749265153,6.23100000,110.21000000,6.306
1749265153,6.22900000,1.21000000,6.306
1749265153,6.22600000,2.02000000,6.306
1749265153,6.22500000,111.73000000,6.306
1749265153,6.22400000,77.59000000,6.306
1749265153,6.22300000,1.20000000,6.306
1749265153,6.22000000,273.31000000,6.306
1749265153,6.21900000,111.73000000,6.306
1749265153,6.21700000,1.20000000,6.306
1749265153,6.21600000,77.59000000,6.306
1749265153,6.21400000,81.13000000,6.306
1749265153,6.21300000,111.73000000,6.306
1749265153,6.21000000,316.55000000,6.306
1749265153,6.20800000,77.59000000,6.306
1749265153,6.20700000,108.62000000,6.306
1749265153,6.20600000,3.11000000,6.306
1749265153,6.20100000,108.62000000,6.306
1749265153,6.20000000,3.11000000,6.306
1749265153,6.19800000,1.40000000,6.306
1749265153,6.19700000,48.77000000,6.306
1749265153,6.19500000,109.45000000,6.306
1749265153,6.19400000,219.12000000,6.306
1749265153,6.19200000,104.00000000,6.306
1749265153,6.18900000,108.62000000,6.306
1749265153,6.18800000,3.11000000,6.306
1749265455,6.31000000,56.96000000,6.312
1749265455,6.30900000,165.41000000,6.312
1749265455,6.30800000,170.09000000,6.312
1749265455,6.30700000,65.09000000,6.312
1749265455,6.30600000,127.01000000,6.312
1749265455,6.30500000,388.26000000,6.312
1749265455,6.30400000,427.25000000,6.312
1749265455,6.30300000,145.09000000,6.312
1749265455,6.30200000,300.16000000,6.312
1749265455,6.30100000,442.71000000,6.312
1749265455,6.30000000,235.45000000,6.312
1749265455,6.29900000,117.28000000,6.312
1749265455,6.29800000,107.39000000,6.312
1749265455,6.29700000,380.88000000,6.312
1749265455,6.29600000,43.98000000,6.312
1749265455,6.29500000,151.42000000,6.312
1749265455,6.29400000,55.46000000,6.312
1749265455,6.29300000,125.59000000,6.312
1749265455,6.29200000,39.69000000,6.312
1749265455,6.29100000,18.56000000,6.312
1749265455,6.29000000,1071.84000000,6.312
1749265455,6.28900000,22.88000000,6.312
1749265455,6.28800000,99.10000000,6.312
1749265455,6.28700000,117.13000000,6.312
1749265455,6.28600000,265.72000000,6.312
1749265455,6.28500000,642.96000000,6.312
1749265455,6.28400000,475.00000000,6.312
1749265455,6.28300000,19111.82000000,6.312
1749265455,6.28200000,58.58000000,6.312
1749265455,6.28100000,116.09000000,6.312
1749265455,6.28000000,76.41000000,6.312
1749265455,6.27900000,55.47000000,6.312
1749265455,6.27800000,147.12000000,6.312
1749265455,6.27700000,740.12000000,6.312
1749265455,6.27600000,160.98000000,6.312
1749265455,6.27500000,119.20000000,6.312
1749265455,6.27400000,56.67000000,6.312
1749265455,6.27300000,38.50000000,6.312
1749265455,6.27200000,338.20000000,6.312
1749265455,6.27100000,923.70000000,6.312
1749265455,6.27000000,38.50000000,6.312
1749265455,6.26900000,119.20000000,6.312
1749265455,6.26800000,40.75000000,6.312
1749265455,6.26700000,575.04000000,6.312
1749265455,6.26600000,147.12000000,6.312
1749265455,6.26500000,39.70000000,6.312
1749265455,6.26400000,1095.47000000,6.312
1749265455,6.26300000,68.62000000,6.312
1749265455,6.26200000,117.27000000,6.312
1749265455,6.26100000,38.48000000,6.312
1749265455,6.26000000,147.10000000,6.312
1749265455,6.25900000,316.85000000,6.312
1749265455,6.25800000,2.41000000,6.312
1749265455,6.25700000,4.69000000,6.312
1749265455,6.25600000,1153.99000000,6.312
1749265455,6.25500000,844.39000000,6.312
1749265455,6.25400000,18995.55000000,6.312
1749265455,6.25300000,2.79000000,6.312
1749265455,6.25200000,512.85000000,6.312
1749265455,6.25100000,4.70000000,6.312
1749265455,6.25000000,189.00000000,6.312
1749265455,6.24900000,1.59000000,6.312
1749265455,6.24800000,11.93000000,6.312
1749265455,6.24700000,2.79000000,6.312
1749265455,6.24600000,1.59000000,6.312
1749265455,6.24500000,53.47000000,6.312
1749265455,6.24400000,666.19000000,6.312
1749265455,6.24300000,186.64000000,6.312
1749265455,6.24200000,1.59000000,6.312
1749265455,6.24100000,2.80000000,6.312
1749265455,6.24000000,81.74000000,6.312
1749265455,6.23900000,4.70000000,6.312
1749265455,6.23800000,902.54000000,6.312
1749265455,6.23700000,110.21000000,6.312
1749265455,6.23600000,1.59000000,6.312
1749265455,6.23500000,2.80000000,6.312
1749265455,6.23400000,222.49000000,6.312
1749265455,6.23200000,81.91000000,6.312
1749265455,6.23100000,108.62000000,6.312
1749265455,6.22900000,1.21000000,6.312
1749265455,6.22600000,2.02000000,6.312
1749265455,6.22500000,111.73000000,6.312
1749265455,6.22400000,77.59000000,6.312
1749265455,6.22300000,21.87000000,6.312
1749265455,6.22000000,273.31000000,6.312
1749265455,6.21900000,111.73000000,6.312
1749265455,6.21700000,317.39000000,6.312
1749265455,6.21600000,77.59000000,6.312
1749265455,6.21400000,81.13000000,6.312
1749265455,6.21300000,111.73000000,6.312
1749265455,6.20800000,77.59000000,6.312
1749265455,6.20700000,108.62000000,6.312
1749265455,6.20600000,3.11000000,6.312
1749265455,6.20100000,108.62000000,6.312
1749265455,6.20000000,28.01000000,6.312
1749265455,6.19800000,1.40000000,6.312
1749265455,6.19500000,109.45000000,6.312
1749265455,6.19400000,219.12000000,6.312
1749265455,6.19200000,104.00000000,6.312
1749265455,6.19100000,42937.50000000,6.312
1749265756,6.31900000,10.00000000,6.319
1749265756,6.31800000,25.12000000,6.319
1749265756,6.31700000,1154.56000000,6.319
1749265756,6.31600000,147.74000000,6.319
1749265756,6.31500000,132.27000000,6.319
1749265756,6.31400000,164.57000000,6.319
1749265756,6.31300000,549.17000000,6.319
1749265756,6.31200000,410.95000000,6.319
1749265756,6.31100000,90.68000000,6.319
1749265756,6.31000000,249.85000000,6.319
1749265756,6.30900000,612.03000000,6.319
1749265756,6.30800000,158.71000000,6.319
1749265756,6.30700000,419.72000000,6.319
1749265756,6.30600000,335.32000000,6.319
1749265756,6.30500000,80.85000000,6.319
1749265756,6.30400000,82.04000000,6.319
1749265756,6.30300000,111.40000000,6.319
1749265756,6.30200000,19.73000000,6.319
1749265756,6.30100000,84.25000000,6.319
1749265756,6.30000000,110.55000000,6.319
1749265756,6.29900000,339.69000000,6.319
1749265756,6.29800000,56.66000000,6.319
1749265756,6.29700000,38.49000000,6.319
1749265756,6.29600000,55.46000000,6.319
1749265756,6.29500000,42.80000000,6.319
1749265756,6.29400000,164.09000000,6.319
1749265756,6.29300000,129.30000000,6.319
1749265756,6.29200000,273.91000000,6.319
1749265756,6.29100000,38.49000000,6.319
1749265756,6.29000000,144.75000000,6.319
1749265756,6.28900000,496.28000000,6.319
1749265756,6.28800000,91.52000000,6.319
1749265756,6.28700000,117.13000000,6.319
1749265756,6.28600000,324.15000000,6.319
1749265756,6.28500000,676.55000000,6.319
1749265756,6.28400000,671.24000000,6.319
1749265756,6.28300000,56.67000000,6.319
1749265756,6.28200000,58.58000000,6.319
1749265756,6.28100000,116.09000000,6.319
1749265756,6.28000000,928.86000000,6.319
1749265756,6.27900000,55.47000000,6.319
1749265756,6.27800000,147.12000000,6.319
1749265756,6.27700000,107.38000000,6.319
1749265756,6.27600000,55.47000000,6.319
1749265756,6.27500000,119.20000000,6.319
1749265756,6.27400000,56.67000000,6.319
1749265756,6.27300000,1109.41000000,6.319
1749265756,6.27200000,996.67000000,6.319
1749265756,6.27100000,39.70000000,6.319
1749265756,6.27000000,1.60000000,6.319
1749265756,6.26900000,119.20000000,6.319
1749265756,6.26800000,3.85000000,6.319
1749265756,6.26700000,18.57000000,6.319
1749265756,6.26600000,110.22000000,6.319
1749265756,6.26500000,12.86000000,6.319
1749265756,6.26400000,1099.82000000,6.319
1749265756,6.26300000,21.66000000,6.319
1749265756,6.26200000,19825.34000000,6.319
1749265756,6.26100000,1.58000000,6.319
1749265756,6.26000000,110.20000000,6.319
1749265756,6.25900000,2.78000000,6.319
1749265756,6.25800000,28.28000000,6.319
1749265756,6.25700000,4.69000000,6.319
1749265756,6.25600000,80.37000000,6.319
1749265756,6.25500000,844.39000000,6.319
1749265756,6.25400000,81.02000000,6.319
1749265756,6.25300000,2.79000000,6.319
1749265756,6.25200000,487.25000000,6.319
1749265756,6.25100000,4.70000000,6.319
1749265756,6.25000000,189.00000000,6.319
1749265756,6.24900000,1.59000000,6.319
1749265756,6.24800000,11.93000000,6.319
1749265756,6.24700000,2.79000000,6.319
1749265756,6.24600000,1.59000000,6.319
1749265756,6.24500000,53.47000000,6.319
1749265756,6.24400000,666.19000000,6.319
1749265756,6.24300000,185.05000000,6.319
1749265756,6.24100000,1.21000000,6.319
1749265756,6.24000000,80.15000000,6.319
1749265756,6.23900000,3.11000000,6.319
1749265756,6.23800000,821.31000000,6.319
1749265756,6.23700000,129.25000000,6.319
1749265756,6.23600000,111.05000000,6.319
1749265756,6.23500000,1.21000000,6.319
1749265756,6.23400000,222.49000000,6.319
1749265756,6.23200000,81.91000000,6.319
1749265756,6.23100000,108.62000000,6.319
1749265756,6.23000000,80.92000000,6.319
1749265756,6.22900000,1.21000000,6.319
1749265756,6.22600000,2.02000000,6.319
1749265756,6.22500000,111.73000000,6.319
1749265756,6.22400000,77.59000000,6.319
1749265756,6.22300000,1.20000000,6.319
1749265756,6.22000000,161.97000000,6.319
1749265756,6.21900000,111.73000000,6.319
1749265756,6.21700000,317.39000000,6.319
1749265756,6.21600000,77.59000000,6.319
1749265756,6.21300000,111.73000000,6.319
1749265756,6.20800000,87.04000000,6.319
1749265756,6.20700000,108.62000000,6.319
1749266058,6.32300000,11.45000000,6.324
1749266058,6.32200000,85.89000000,6.324
1749266058,6.32100000,133.09000000,6.324
1749266058,6.32000000,73.37000000,6.324
1749266058,6.31900000,93.22000000,6.324
1749266058,6.31800000,454.65000000,6.324
1749266058,6.31700000,1266.76000000,6.324
1749266058,6.31600000,414.65000000,6.324
1749266058,6.31500000,450.46000000,6.324
1749266058,6.31400000,429.05000000,6.324
1749266058,6.31300000,308.16000000,6.324
1749266058,6.31200000,433.11000000,6.324
1749266058,6.31100000,559.84000000,6.324
1749266058,6.31000000,174.76000000,6.324
1749266058,6.30900000,670.41000000,6.324
1749266058,6.30800000,278.58000000,6.324
1749266058,6.30700000,255.81000000,6.324
1749266058,6.30600000,56.61000000,6.324
1749266058,6.30500000,117.27000000,6.324
1749266058,6.30400000,320.90000000,6.324
1749266058,6.30300000,38.49000000,6.324
1749266058,6.30200000,19.02000000,6.324
1749266058,6.30100000,151.41000000,6.324
1749266058,6.30000000,68.60000000,6.324
1749266058,6.29900000,189.02000000,6.324
1749266058,6.29800000,96.84000000,6.324
1749266058,6.29700000,55.42000000,6.324
1749266058,6.29600000,229.28000000,6.324
1749266058,6.29500000,19108.37000000,6.324
1749266058,6.29400000,583.61000000,6.324
1749266058,6.29300000,186.45000000,6.324
1749266058,6.29200000,131.97000000,6.324
1749266058,6.29100000,702.73000000,6.324
1749266058,6.29000000,123.03000000,6.324
1749266058,6.28900000,149.02000000,6.324
1749266058,6.28800000,55.43000000,6.324
1749266058,6.28700000,117.13000000,6.324
1749266058,6.28600000,148.32000000,6.324
1749266058,6.28500000,907.05000000,6.324
1749266058,6.28400000,56.48000000,6.324
1749266058,6.28300000,39.70000000,6.324
1749266058,6.28200000,58.54000000,6.324
1749266058,6.28100000,116.09000000,6.324
1749266058,6.28000000,928.86000000,6.324
1749266058,6.27900000,55.43000000,6.324
1749266058,6.27800000,147.12000000,6.324
1749266058,6.27700000,39.70000000,6.324
1749266058,6.27600000,1132.39000000,6.324
1749266058,6.27500000,638.11000000,6.324
1749266058,6.27400000,563.10000000,6.324
1749266058,6.27300000,585.93000000,6.324
1749266058,6.27200000,147.12000000,6.324
1749266058,6.27100000,2.80000000,6.324
1749266058,6.27000000,1.60000000,6.324
1749266058,6.26900000,82.30000000,6.324
1749266058,6.26800000,113.86000000,6.324
1749266058,6.26700000,11.65000000,6.324
1749266058,6.26600000,110.22000000,6.324
1749266058,6.26500000,2.80000000,6.324
1749266058,6.26400000,19765.08000000,6.324
1749266058,6.26300000,30.80000000,6.324
1749266058,6.26200000,80.37000000,6.324
1749266058,6.26100000,1.58000000,6.324
1749266058,6.26000000,110.20000000,6.324
1749266058,6.25900000,2.78000000,6.324
1749266058,6.25800000,2.41000000,6.324
1749266058,6.25700000,4.69000000,6.324
1749266058,6.25600000,80.37000000,6.324
1749266058,6.25500000,844.39000000,6.324
1749266058,6.25400000,81.02000000,6.324
1749266058,6.25300000,2.79000000,6.324
1749266058,6.25200000,375.91000000,6.324
1749266058,6.25100000,4.70000000,6.324
1749266058,6.25000000,189.00000000,6.324
1749266058,6.24900000,1.59000000,6.324
1749266058,6.24800000,11.93000000,6.324
1749266058,6.24700000,1.20000000,6.324
1749266058,6.24500000,51.88000000,6.324
1749266058,6.24400000,664.60000000,6.324
1749266058,6.24300000,185.05000000,6.324
1749266058,6.24100000,1.21000000,6.324
1749266058,6.24000000,80.15000000,6.324
1749266058,6.23900000,3.11000000,6.324
1749266058,6.23800000,821.31000000,6.324
1749266058,6.23700000,129.25000000,6.324
1749266058,6.23600000,111.05000000,6.324
1749266058,6.23500000,316.49000000,6.324
1749266058,6.23400000,222.49000000,6.324
1749266058,6.23200000,81.91000000,6.324
1749266058,6.23100000,108.62000000,6.324
1749266058,6.23000000,80.92000000,6.324
1749266058,6.22900000,1.21000000,6.324
1749266058,6.22600000,2.02000000,6.324
1749266058,6.22500000,111.73000000,6.324
1749266058,6.22400000,77.59000000,6.324
1749266058,6.22300000,1.20000000,6.324
1749266058,6.22000000,161.97000000,6.324
1749266058,6.21900000,111.73000000,6.324
1749266058,6.21700000,1.20000000,6.324
1749266058,6.21600000,77.59000000,6.324
1749266359,6.31100000,1.59000000,6.312
1749266359,6.31000000,91.31000000,6.312
1749266359,6.30900000,170.45000000,6.312
1749266359,6.30800000,204.55000000,6.312
1749266359,6.30700000,699.08000000,6.312
1749266359,6.30600000,521.67000000,6.312
1749266359,6.30500000,499.83000000,6.312
1749266359,6.30400000,162.59000000,6.312
1749266359,6.30300000,460.65000000,6.312
1749266359,6.30200000,604.86000000,6.312
1749266359,6.30100000,765.58000000,6.312
1749266359,6.30000000,780.11000000,6.312
1749266359,6.29900000,1095.15000000,6.312
1749266359,6.29800000,803.20000000,6.312
1749266359,6.29700000,348.84000000,6.312
1749266359,6.29600000,55.42000000,6.312
1749266359,6.29500000,53.59000000,6.312
1749266359,6.29400000,270.24000000,6.312
1749266359,6.29300000,129.24000000,6.312
1749266359,6.29200000,689.36000000,6.312
1749266359,6.29100000,38.49000000,6.312
1749266359,6.29000000,154.73000000,6.312
1749266359,6.28900000,889.91000000,6.312
1749266359,6.28800000,55.43000000,6.312
1749266359,6.28700000,117.13000000,6.312
1749266359,6.28600000,161.50000000,6.312
1749266359,6.28500000,650.12000000,6.312
1749266359,6.28400000,126.95000000,6.312
1749266359,6.28300000,19509.34000000,6.312
1749266359,6.28200000,58.54000000,6.312
1749266359,6.28100000,116.09000000,6.312
1749266359,6.28000000,56.62000000,6.312
1749266359,6.27900000,144.11000000,6.312
1749266359,6.27800000,147.12000000,6.312
1749266359,6.27700000,230.81000000,6.312
1749266359,6.27600000,1618.72000000,6.312
1749266359,6.27500000,119.20000000,6.312
1749266359,6.27400000,2.80000000,6.312
1749266359,6.27300000,55.43000000,6.312
1749266359,6.27200000,460.54000000,6.312
1749266359,6.27100000,862.55000000,6.312
1749266359,6.27000000,756.83000000,6.312
1749266359,6.26900000,136.14000000,6.312
1749266359,6.26800000,150.76000000,6.312
1749266359,6.26700000,1.60000000,6.312
1749266359,6.26600000,658.27000000,6.312
1749266359,6.26500000,39.70000000,6.312
1749266359,6.26400000,1.58000000,6.312
1749266359,6.26300000,4.69000000,6.312
1749266359,6.26200000,117.27000000,6.312
1749266359,6.26100000,1.58000000,6.312
1749266359,6.26000000,110.20000000,6.312
1749266359,6.25900000,2.78000000,6.312
1749266359,6.25800000,2.41000000,6.312
1749266359,6.25700000,14.76000000,6.312
1749266359,6.25600000,80.37000000,6.312
1749266359,6.25500000,1.58000000,6.312
1749266359,6.25400000,81.02000000,6.312
1749266359,6.25300000,19213.34000000,6.312
1749266359,6.25200000,375.91000000,6.312
1749266359,6.25100000,30.11000000,6.312
1749266359,6.25000000,189.00000000,6.312
1749266359,6.24900000,22.18000000,6.312
1749266359,6.24800000,11.93000000,6.312
1749266359,6.24700000,2.79000000,6.312
1749266359,6.24600000,506.57000000,6.312
1749266359,6.24500000,53.47000000,6.312
1749266359,6.24400000,666.19000000,6.312
1749266359,6.24300000,187.13000000,6.312
1749266359,6.24200000,1.59000000,6.312
1749266359,6.24100000,2.80000000,6.312
1749266359,6.24000000,81.74000000,6.312
1749266359,6.23900000,4.70000000,6.312
1749266359,6.23800000,80.39000000,6.312
1749266359,6.23700000,110.21000000,6.312
1749266359,6.23600000,112.64000000,6.312
1749266359,6.23500000,1.21000000,6.312
1749266359,6.23400000,222.49000000,6.312
1749266359,6.23200000,81.91000000,6.312
1749266359,6.23100000,108.62000000,6.312
1749266359,6.22900000,82.14000000,6.312
1749266359,6.22600000,317.75000000,6.312
1749266359,6.22500000,111.73000000,6.312
1749266359,6.22400000,77.59000000,6.312
1749266359,6.22300000,1.20000000,6.312
1749266359,6.22000000,161.97000000,6.312
1749266359,6.21900000,111.73000000,6.312
1749266359,6.21700000,1.20000000,6.312
1749266359,6.21600000,77.59000000,6.312
1749266359,6.21300000,111.73000000,6.312
1749266359,6.20800000,77.59000000,6.312
1749266359,6.20700000,108.62000000,6.312
1749266359,6.20600000,3.11000000,6.312
1749266359,6.20100000,108.62000000,6.312
1749266359,6.20000000,3.11000000,6.312
1749266359,6.19800000,1.40000000,6.312
1749266359,6.19500000,108.62000000,6.312
1749266359,6.19400000,219.12000000,6.312
1749266359,6.19200000,104.00000000,6.312
1749266359,6.19000000,43733.11000000,6.312
1749266662,6.31400000,71.43000000,6.314
1749266662,6.31300000,125.16000000,6.314
1749266662,6.31200000,270.40000000,6.314
1749266662,6.31100000,443.52000000,6.314
1749266662,6.31000000,196.16000000,6.314
1749266662,6.30900000,27.00000000,6.314
1749266662,6.30800000,88.93000000,6.314
1749266662,6.30700000,352.83000000,6.314
1749266662,6.30600000,829.08000000,6.314
1749266662,6.30500000,926.42000000,6.314
1749266662,6.30400000,213.71000000,6.314
1749266662,6.30300000,166.26000000,6.314
1749266662,6.30200000,498.62000000,6.314
1749266662,6.30100000,711.93000000,6.314
1749266662,6.30000000,414.60000000,6.314
1749266662,6.29900000,211.79000000,6.314
1749266662,6.29800000,40.89000000,6.314
1749266662,6.29700000,98.96000000,6.314
1749266662,6.29600000,319.77000000,6.314
1749266662,6.29500000,7.10000000,6.314
1749266662,6.29400000,132.80000000,6.314
1749266662,6.29300000,53.47000000,6.314
1749266662,6.29200000,128.40000000,6.314
1749266662,6.29100000,106.03000000,6.314
1749266662,6.29000000,18.59000000,6.314
1749266662,6.28900000,82.10000000,6.314
1749266662,6.28800000,55.49000000,6.314
1749266662,6.28700000,117.13000000,6.314
1749266662,6.28600000,19733.22000000,6.314
1749266662,6.28500000,702.90000000,6.314
1749266662,6.28400000,540.53000000,6.314
1749266662,6.28300000,149.50000000,6.314
1749266662,6.28200000,90.15000000,6.314
1749266662,6.28100000,748.83000000,6.314
1749266662,6.28000000,39.70000000,6.314
1749266662,6.27900000,55.49000000,6.314
1749266662,6.27800000,169.28000000,6.314
1749266662,6.27700000,1029.27000000,6.314
1749266662,6.27600000,55.49000000,6.314
1749266662,6.27500000,119.20000000,6.314
1749266662,6.27400000,39.70000000,6.314
1749266662,6.27300000,55.49000000,6.314
1749266662,6.27200000,164.11000000,6.314
1749266662,6.27100000,2.80000000,6.314
1749266662,6.27000000,38.50000000,6.314
1749266662,6.26900000,119.20000000,6.314
1749266662,6.26800000,57.74000000,6.314
1749266662,6.26700000,1132.39000000,6.314
1749266662,6.26600000,147.12000000,6.314
1749266662,6.26500000,39.70000000,6.314
1749266662,6.26400000,55.47000000,6.314
1749266662,6.26300000,41.59000000,6.314
1749266662,6.26200000,117.27000000,6.314
1749266662,6.26100000,38.48000000,6.314
1749266662,6.26000000,164.09000000,6.314
1749266662,6.25900000,1708.50000000,6.314
1749266662,6.25800000,559.63000000,6.314
1749266662,6.25700000,122.18000000,6.314
1749266662,6.25600000,90.44000000,6.314
1749266662,6.25500000,526.61000000,6.314
1749266662,6.25400000,19829.62000000,6.314
1749266662,6.25300000,2.79000000,6.314
1749266662,6.25200000,401.36000000,6.314
1749266662,6.25100000,116.06000000,6.314
1749266662,6.25000000,189.00000000,6.314
1749266662,6.24900000,1.59000000,6.314
1749266662,6.24800000,11.93000000,6.314
1749266662,6.24700000,2.79000000,6.314
1749266662,6.24600000,506.57000000,6.314
1749266662,6.24500000,53.47000000,6.314
1749266662,6.24400000,666.19000000,6.314
1749266662,6.24300000,187.39000000,6.314
1749266662,6.24200000,1.59000000,6.314
1749266662,6.24100000,2.80000000,6.314
1749266662,6.24000000,81.74000000,6.314
1749266662,6.23900000,4.70000000,6.314
1749266662,6.23800000,78.80000000,6.314
1749266662,6.23700000,108.62000000,6.314
1749266662,6.23600000,111.05000000,6.314
1749266662,6.23500000,1.21000000,6.314
1749266662,6.23400000,222.49000000,6.314
1749266662,6.23200000,81.91000000,6.314
1749266662,6.23100000,108.62000000,6.314
1749266662,6.22900000,82.14000000,6.314
1749266662,6.22700000,20.66000000,6.314
1749266662,6.22600000,239.59000000,6.314
1749266662,6.22500000,111.73000000,6.314
1749266662,6.22400000,77.59000000,6.314
1749266662,6.22300000,1.20000000,6.314
1749266662,6.22000000,161.97000000,6.314
1749266662,6.21900000,111.73000000,6.314
1749266662,6.21700000,1.20000000,6.314
1749266662,6.21600000,77.59000000,6.314
1749266662,6.21300000,111.73000000,6.314
1749266662,6.21200000,316.45000000,6.314
1749266662,6.20800000,77.59000000,6.314
1749266662,6.20700000,108.62000000,6.314
1749266662,6.20600000,3.11000000,6.314
1749266662,6.20100000,341.60000000,6.314
1749266662,6.20000000,3.11000000,6.314
1749266964,6.30100000,4.70000000,6.302
1749266964,6.30000000,12.32000000,6.302
1749266964,6.29900000,163.49000000,6.302
1749266964,6.29800000,108.43000000,6.302
1749266964,6.29700000,111.06000000,6.302
1749266964,6.29600000,39.68000000,6.302
1749266964,6.29500000,158.09000000,6.302
1749266964,6.29400000,466.93000000,6.302
1749266964,6.29300000,431.00000000,6.302
1749266964,6.29200000,939.22000000,6.302
1749266964,6.29100000,697.25000000,6.302
1749266964,6.29000000,527.21000000,6.302
1749266964,6.28900000,685.88000000,6.302
1749266964,6.28800000,90.59000000,6.302
1749266964,6.28700000,283.19000000,6.302
1749266964,6.28600000,69.88000000,6.302
1749266964,6.28500000,972.55000000,6.302
1749266964,6.28400000,70.24000000,6.302
1749266964,6.28300000,56.69000000,6.302
1749266964,6.28200000,90.15000000,6.302
1749266964,6.28100000,748.83000000,6.302
1749266964,6.28000000,39.70000000,6.302
1749266964,6.27900000,139.34000000,6.302
1749266964,6.27800000,568.24000000,6.302
1749266964,6.27700000,1073.35000000,6.302
1749266964,6.27600000,55.49000000,6.302
1749266964,6.27500000,293.65000000,6.302
1749266964,6.27400000,39.70000000,6.302
1749266964,6.27300000,19422.33000000,6.302
1749266964,6.27200000,177.33000000,6.302
1749266964,6.27100000,2.80000000,6.302
1749266964,6.27000000,38.50000000,6.302
1749266964,6.26900000,99.24000000,6.302
1749266964,6.26800000,57.74000000,6.302
1749266964,6.26700000,1095.49000000,6.302
1749266964,6.26600000,147.12000000,6.302
1749266964,6.26500000,56.66000000,6.302
1749266964,6.26400000,55.47000000,6.302
1749266964,6.26300000,4.69000000,6.302
1749266964,6.26200000,117.27000000,6.302
1749266964,6.26100000,18.55000000,6.302
1749266964,6.26000000,147.10000000,6.302
1749266964,6.25900000,1647.72000000,6.302
1749266964,6.25800000,39.31000000,6.302
1749266964,6.25700000,4.69000000,6.302
1749266964,6.25600000,605.32000000,6.302
1749266964,6.25500000,38.48000000,6.302
1749266964,6.25400000,273.99000000,6.302
1749266964,6.25300000,2.79000000,6.302
1749266964,6.25200000,375.91000000,6.302
1749266964,6.25100000,116.06000000,6.302
1749266964,6.25000000,189.00000000,6.302
1749266964,6.24900000,1.59000000,6.302
1749266964,6.24800000,22.02000000,6.302
1749266964,6.24700000,19643.72000000,6.302
1749266964,6.24600000,506.57000000,6.302
1749266964,6.24500000,163.30000000,6.302
1749266964,6.24400000,666.19000000,6.302
1749266964,6.24300000,79.18000000,6.302
1749266964,6.24200000,1.59000000,6.302
1749266964,6.24100000,27.76000000,6.302
1749266964,6.24000000,81.74000000,6.302
1749266964,6.23900000,4.70000000,6.302
1749266964,6.23800000,80.39000000,6.302
1749266964,6.23700000,110.21000000,6.302
1749266964,6.23600000,112.64000000,6.302
1749266964,6.23500000,2.80000000,6.302
1749266964,6.23400000,224.08000000,6.302
1749266964,6.23300000,1.59000000,6.302
1749266964,6.23200000,83.50000000,6.302
1749266964,6.23100000,110.21000000,6.302
1749266964,6.23000000,1.59000000,6.302
1749266964,6.22900000,83.73000000,6.302
1749266964,6.22800000,1.59000000,6.302
1749266964,6.22700000,22.25000000,6.302
1749266964,6.22600000,3.61000000,6.302
1749266964,6.22500000,111.73000000,6.302
1749266964,6.22400000,77.59000000,6.302
1749266964,6.22300000,1.20000000,6.302
1749266964,6.22000000,161.97000000,6.302
1749266964,6.21900000,111.73000000,6.302
1749266964,6.21700000,1.20000000,6.302
1749266964,6.21600000,77.59000000,6.302
1749266964,6.21300000,428.12000000,6.302
1749266964,6.20800000,77.59000000,6.302
1749266964,6.20700000,108.62000000,6.302
1749266964,6.20600000,120.32000000,6.302
1749266964,6.20500000,117.21000000,6.302
1749266964,6.20100000,108.62000000,6.302
1749266964,6.20000000,3.11000000,6.302
1749266964,6.19800000,25.55000000,6.302
1749266964,6.19500000,109.45000000,6.302
1749266964,6.19400000,219.12000000,6.302
1749266964,6.19200000,104.00000000,6.302
1749266964,6.18900000,108.62000000,6.302
1749266964,6.18800000,3.11000000,6.302
1749266964,6.18700000,317.72000000,6.302
1749266964,6.18400000,43293.31000000,6.302
1749266964,6.18300000,108.62000000,6.302
1749266964,6.18200000,18.25000000,6.302
1749267265,6.30700000,17.94000000,6.308
1749267265,6.30600000,80.12000000,6.308
1749267265,6.30500000,226.01000000,6.308
1749267265,6.30400000,266.05000000,6.308
1749267265,6.30300000,60.18000000,6.308
1749267265,6.30200000,96.44000000,6.308
1749267265,6.30100000,383.29000000,6.308
1749267265,6.30000000,659.67000000,6.308
1749267265,6.29900000,404.10000000,6.308
1749267265,6.29800000,314.06000000,6.308
1749267265,6.29700000,344.90000000,6.308
1749267265,6.29600000,154.35000000,6.308
1749267265,6.29500000,371.06000000,6.308
1749267265,6.29400000,187.02000000,6.308
1749267265,6.29300000,95.84000000,6.308
1749267265,6.29200000,166.48000000,6.308
1749267265,6.29100000,689.80000000,6.308
1749267265,6.29000000,356.67000000,6.308
1749267265,6.28900000,480.51000000,6.308
1749267265,6.28800000,55.47000000,6.308
1749267265,6.28700000,117.13000000,6.308
1749267265,6.28600000,178.52000000,6.308
1749267265,6.28500000,627.52000000,6.308
1749267265,6.28400000,55.47000000,6.308
1749267265,6.28300000,96.11000000,6.308
1749267265,6.28200000,131.72000000,6.308
1749267265,6.28100000,748.83000000,6.308
1749267265,6.28000000,56.67000000,6.308
1749267265,6.27900000,19843.60000000,6.308
1749267265,6.27800000,403.87000000,6.308
1749267265,6.27700000,923.70000000,6.308
1749267265,6.27600000,38.50000000,6.308
1749267265,6.27500000,136.17000000,6.308
1749267265,6.27400000,71.49000000,6.308
1749267265,6.27300000,55.47000000,6.308
1749267265,6.27200000,178.72000000,6.308
1749267265,6.27100000,19.77000000,6.308
1749267265,6.27000000,55.47000000,6.308
1749267265,6.26900000,224.85000000,6.308
1749267265,6.26800000,57.72000000,6.308
1749267265,6.26700000,1095.49000000,6.308
1749267265,6.26600000,164.09000000,6.308
1749267265,6.26500000,353.47000000,6.308
1749267265,6.26400000,38.48000000,6.308
1749267265,6.26300000,21.66000000,6.308
1749267265,6.26200000,117.27000000,6.308
1749267265,6.26100000,1.58000000,6.308
1749267265,6.26000000,667.25000000,6.308
1749267265,6.25900000,1630.75000000,6.308
1749267265,6.25800000,39.31000000,6.308
1749267265,6.25700000,4.69000000,6.308
1749267265,6.25600000,605.32000000,6.308
1749267265,6.25500000,38.48000000,6.308
1749267265,6.25400000,81.02000000,6.308
1749267265,6.25300000,12.87000000,6.308
1749267265,6.25200000,375.91000000,6.308
1749267265,6.25100000,19440.23000000,6.308
1749267265,6.25000000,189.00000000,6.308
1749267265,6.24900000,1.59000000,6.308
1749267265,6.24800000,11.93000000,6.308
1749267265,6.24700000,28.19000000,6.308
1749267265,6.24600000,506.57000000,6.308
1749267265,6.24500000,4.70000000,6.308
1749267265,6.24400000,666.19000000,6.308
1749267265,6.24300000,79.18000000,6.308
1749267265,6.24200000,1.59000000,6.308
1749267265,6.24100000,2.80000000,6.308
1749267265,6.24000000,81.74000000,6.308
1749267265,6.23900000,4.70000000,6.308
1749267265,6.23800000,80.39000000,6.308
1749267265,6.23700000,110.21000000,6.308
1749267265,6.23600000,112.64000000,6.308
1749267265,6.23500000,2.80000000,6.308
1749267265,6.23400000,224.08000000,6.308
1749267265,6.23300000,1.59000000,6.308
1749267265,6.23200000,83.50000000,6.308
1749267265,6.23100000,217.94000000,6.308
1749267265,6.22900000,82.14000000,6.308
1749267265,6.22700000,20.66000000,6.308
1749267265,6.22600000,2.02000000,6.308
1749267265,6.22500000,111.73000000,6.308
1749267265,6.22400000,77.59000000,6.308
1749267265,6.22300000,1.20000000,6.308
1749267265,6.22000000,161.97000000,6.308
1749267265,6.21900000,111.73000000,6.308
1749267265,6.21700000,1.20000000,6.308
1749267265,6.21600000,77.59000000,6.308
1749267265,6.21300000,428.12000000,6.308
1749267265,6.20800000,77.59000000,6.308
1749267265,6.20700000,108.62000000,6.308
1749267265,6.20600000,3.11000000,6.308
1749267265,6.20100000,108.62000000,6.308
1749267265,6.20000000,51.88000000,6.308
1749267265,6.19800000,1.40000000,6.308
1749267265,6.19500000,109.45000000,6.308
1749267265,6.19400000,219.12000000,6.308
1749267265,6.19200000,104.00000000,6.308
1749267265,6.18900000,108.62000000,6.308
1749267265,6.18800000,43514.88000000,6.308
1749267265,6.18700000,317.72000000,6.308
1749267567,6.31700000,81.86000000,6.317
1749267567,6.31600000,162.16000000,6.317
1749267567,6.31500000,219.80000000,6.317
1749267567,6.31400000,128.79000000,6.317
1749267567,6.31300000,126.18000000,6.317
1749267567,6.31200000,175.15000000,6.317
1749267567,6.31100000,379.77000000,6.317
1749267567,6.31000000,175.94000000,6.317
1749267567,6.30900000,683.42000000,6.317
1749267567,6.30800000,383.78000000,6.317
1749267567,6.30700000,198.17000000,6.317
1749267567,6.30600000,582.02000000,6.317
1749267567,6.30500000,105.96000000,6.317
1749267567,6.30400000,40.87000000,6.317
1749267567,6.30300000,80.85000000,6.317
1749267567,6.30200000,63.90000000,6.317
1749267567,6.30100000,194.97000000,6.317
1749267567,6.30000000,462.61000000,6.317
1749267567,6.29900000,463.27000000,6.317
1749267567,6.29800000,137.04000000,6.317
1749267567,6.29700000,39.68000000,6.317
1749267567,6.29600000,37.60000000,6.317
1749267567,6.29500000,25.74000000,6.317
1749267567,6.29400000,37.03000000,6.317
1749267567,6.29300000,256.65000000,6.317
1749267567,6.29200000,129.66000000,6.317
1749267567,6.29100000,32.99000000,6.317
1749267567,6.29000000,654.15000000,6.317
1749267567,6.28900000,19767.24000000,6.317
1749267567,6.28800000,88.68000000,6.317
1749267567,6.28700000,117.13000000,6.317
1749267567,6.28600000,178.35000000,6.317
1749267567,6.28500000,662.14000000,6.317
1749267567,6.28400000,70.24000000,6.317
1749267567,6.28300000,56.68000000,6.317
1749267567,6.28200000,58.59000000,6.317
1749267567,6.28100000,116.09000000,6.317
1749267567,6.28000000,1046.17000000,6.317
1749267567,6.27900000,38.50000000,6.317
1749267567,6.27800000,180.94000000,6.317
1749267567,6.27700000,39.70000000,6.317
1749267567,6.27600000,87.06000000,6.317
1749267567,6.27500000,119.20000000,6.317
1749267567,6.27400000,2.80000000,6.317
1749267567,6.27300000,1636.03000000,6.317
1749267567,6.27200000,147.12000000,6.317
1749267567,6.27100000,56.65000000,6.317
1749267567,6.27000000,1.60000000,6.317
1749267567,6.26900000,601.71000000,6.317
1749267567,6.26800000,3.85000000,6.317
1749267567,6.26700000,11.65000000,6.317
1749267567,6.26600000,110.22000000,6.317
1749267567,6.26500000,316.57000000,6.317
1749267567,6.26400000,1.58000000,6.317
1749267567,6.26300000,4.69000000,6.317
1749267567,6.26200000,129.14000000,6.317
1749267567,6.26100000,1.58000000,6.317
1749267567,6.26000000,110.20000000,6.317
1749267567,6.25900000,787.94000000,6.317
1749267567,6.25800000,19089.87000000,6.317
1749267567,6.25700000,30.49000000,6.317
1749267567,6.25600000,80.37000000,6.317
1749267567,6.25500000,1.58000000,6.317
1749267567,6.25400000,81.02000000,6.317
1749267567,6.25300000,2.79000000,6.317
1749267567,6.25200000,375.91000000,6.317
1749267567,6.25100000,958.87000000,6.317
1749267567,6.25000000,189.00000000,6.317
1749267567,6.24900000,1.59000000,6.317
1749267567,6.24800000,11.93000000,6.317
1749267567,6.24700000,2.79000000,6.317
1749267567,6.24600000,506.57000000,6.317
1749267567,6.24500000,114.21000000,6.317
1749267567,6.24400000,111.42000000,6.317
1749267567,6.24300000,79.18000000,6.317
1749267567,6.24200000,1.59000000,6.317
1749267567,6.24100000,1.21000000,6.317
1749267567,6.24000000,100.77000000,6.317
1749267567,6.23900000,3.11000000,6.317
1749267567,6.23800000,78.80000000,6.317
1749267567,6.23700000,663.39000000,6.317
1749267567,6.23600000,111.05000000,6.317
1749267567,6.23500000,1.21000000,6.317
1749267567,6.23200000,81.91000000,6.317
1749267567,6.23100000,108.62000000,6.317
1749267567,6.22900000,82.14000000,6.317
1749267567,6.22600000,2.02000000,6.317
1749267567,6.22500000,111.73000000,6.317
1749267567,6.22400000,77.59000000,6.317
1749267567,6.22300000,223.69000000,6.317
1749267567,6.22000000,161.97000000,6.317
1749267567,6.21900000,111.73000000,6.317
1749267567,6.21700000,1.20000000,6.317
1749267567,6.21600000,77.59000000,6.317
1749267567,6.21300000,428.12000000,6.317
1749267567,6.20800000,77.59000000,6.317
1749267567,6.20700000,108.62000000,6.317
1749267567,6.20600000,3.11000000,6.317
1749267567,6.20100000,108.62000000,6.317
1749267567,6.20000000,3.11000000,6.317
1749267869,6.32100000,11.41000000,6.322
1749267869,6.32000000,52.04000000,6.322
1749267869,6.31900000,205.90000000,6.322
1749267869,6.31800000,88.88000000,6.322
1749267869,6.31700000,288.72000000,6.322
1749267869,6.31600000,187.87000000,6.322
1749267869,6.31500000,63.90000000,6.322
1749267869,6.31400000,56.60000000,6.322
1749267869,6.31300000,166.77000000,6.322
1749267869,6.31200000,610.64000000,6.322
1749267869,6.31100000,1140.24000000,6.322
1749267869,6.31000000,367.62000000,6.322
1749267869,6.30900000,473.93000000,6.322
1749267869,6.30800000,272.65000000,6.322
1749267869,6.30700000,161.57000000,6.322
1749267869,6.30600000,243.11000000,6.322
1749267869,6.30500000,417.45000000,6.322
1749267869,6.30400000,56.60000000,6.322
1749267869,6.30300000,459.53000000,6.322
1749267869,6.30200000,55.41000000,6.322
1749267869,6.30100000,42.79000000,6.322
1749267869,6.30000000,88.47000000,6.322
1749267869,6.29900000,224.70000000,6.322
1749267869,6.29800000,702.61000000,6.322
1749267869,6.29700000,128.38000000,6.322
1749267869,6.29600000,37.54000000,6.322
1749267869,6.29500000,293.31000000,6.322
1749267869,6.29400000,988.80000000,6.322
1749267869,6.29300000,19758.34000000,6.322
1749267869,6.29200000,56.61000000,6.322
1749267869,6.29100000,138.41000000,6.322
1749267869,6.29000000,70.21000000,6.322
1749267869,6.28900000,60.55000000,6.322
1749267869,6.28800000,55.42000000,6.322
1749267869,6.28700000,117.13000000,6.322
1749267869,6.28600000,1256.56000000,6.322
1749267869,6.28500000,662.14000000,6.322
1749267869,6.28400000,39.55000000,6.322
1749267869,6.28300000,2.80000000,6.322
1749267869,6.28200000,21.63000000,6.322
1749267869,6.28100000,79.19000000,6.322
1749267869,6.28000000,2.80000000,6.322
1749267869,6.27900000,314.67000000,6.322
1749267869,6.27800000,110.22000000,6.322
1749267869,6.27700000,521.54000000,6.322
1749267869,6.27600000,882.63000000,6.322
1749267869,6.27500000,82.30000000,6.322
1749267869,6.27400000,2.80000000,6.322
1749267869,6.27300000,525.16000000,6.322
1749267869,6.27200000,658.01000000,6.322
1749267869,6.27100000,147.02000000,6.322
1749267869,6.27000000,1.60000000,6.322
1749267869,6.26900000,82.30000000,6.322
1749267869,6.26800000,2.80000000,6.322
1749267869,6.26700000,11.65000000,6.322
1749267869,6.26600000,19860.76000000,6.322
1749267869,6.26500000,2.80000000,6.322
1749267869,6.26400000,553.06000000,6.322
1749267869,6.26300000,4.69000000,6.322
1749267869,6.26200000,129.14000000,6.322
1749267869,6.26100000,27.55000000,6.322
1749267869,6.26000000,110.20000000,6.322
1749267869,6.25900000,239.10000000,6.322
1749267869,6.25800000,2.41000000,6.322
1749267869,6.25700000,4.69000000,6.322
1749267869,6.25600000,80.37000000,6.322
1749267869,6.25500000,1.58000000,6.322
1749267869,6.25400000,81.02000000,6.322
1749267869,6.25300000,2.79000000,6.322
1749267869,6.25200000,396.49000000,6.322
1749267869,6.25100000,328.59000000,6.322
1749267869,6.25000000,189.00000000,6.322
1749267869,6.24900000,1.59000000,6.322
1749267869,6.24800000,11.93000000,6.322
1749267869,6.24700000,2.79000000,6.322
1749267869,6.24600000,506.57000000,6.322
1749267869,6.24500000,112.62000000,6.322
1749267869,6.24400000,109.83000000,6.322
1749267869,6.24300000,77.59000000,6.322
1749267869,6.24100000,1.21000000,6.322
1749267869,6.24000000,80.15000000,6.322
1749267869,6.23900000,3.11000000,6.322
1749267869,6.23800000,78.80000000,6.322
1749267869,6.23700000,108.62000000,6.322
1749267869,6.23600000,111.05000000,6.322
1749267869,6.23500000,1.21000000,6.322
1749267869,6.23200000,81.91000000,6.322
1749267869,6.23100000,108.62000000,6.322
1749267869,6.22900000,82.14000000,6.322
1749267869,6.22700000,315.68000000,6.322
1749267869,6.22600000,2.02000000,6.322
1749267869,6.22500000,111.73000000,6.322
1749267869,6.22400000,77.59000000,6.322
1749267869,6.22300000,1.20000000,6.322
1749267869,6.22200000,24.05000000,6.322
1749267869,6.22000000,374.72000000,6.322
1749267869,6.21900000,111.73000000,6.322
1749267869,6.21700000,1.20000000,6.322
1749267869,6.21600000,77.59000000,6.322
1749267869,6.21300000,111.73000000,6.322
1749268170,6.34400000,30.48000000,6.344
1749268170,6.34300000,99.64000000,6.344
1749268170,6.34200000,179.57000000,6.344
1749268170,6.34100000,186.82000000,6.344
1749268170,6.34000000,76.72000000,6.344
1749268170,6.33900000,115.85000000,6.344
1749268170,6.33800000,79.67000000,6.344
1749268170,6.33700000,230.85000000,6.344
1749268170,6.33600000,587.89000000,6.344
1749268170,6.33500000,841.85000000,6.344
1749268170,6.33400000,445.45000000,6.344
1749268170,6.33300000,223.78000000,6.344
1749268170,6.33200000,112.41000000,6.344
1749268170,6.33100000,172.42000000,6.344
1749268170,6.33000000,676.41000000,6.344
1749268170,6.32900000,411.69000000,6.344
