timestamp,price,volume,current_price
1749260743,0.02365000,15062.50000000,0.02365
1749260743,0.02364000,534164.00000000,0.02365
1749260743,0.02363000,442982.40000000,0.02365
1749260743,0.02362000,503200.40000000,0.02365
1749260743,0.02361000,703037.70000000,0.02365
1749260743,0.02360000,605992.10000000,0.02365
1749260743,0.02359000,267353.40000000,0.02365
1749260743,0.02358000,145066.80000000,0.02365
1749260743,0.02357000,183720.90000000,0.02365
1749260743,0.02356000,496758.90000000,0.02365
1749260743,0.02355000,345218.60000000,0.02365
1749260743,0.02354000,607867.60000000,0.02365
1749260743,0.02353000,87858.90000000,0.02365
1749260743,0.02352000,98022.60000000,0.02365
1749260743,0.02351000,211407.70000000,0.02365
1749260743,0.02350000,485719.30000000,0.02365
1749260743,0.02349000,107694.90000000,0.02365
1749260743,0.02348000,208665.30000000,0.02365
1749260743,0.02347000,561615.30000000,0.02365
1749260743,0.02346000,273222.80000000,0.02365
1749260743,0.02345000,87947.50000000,0.02365
1749260743,0.02344000,214568.80000000,0.02365
1749260743,0.02343000,180414.60000000,0.02365
1749260743,0.02342000,238717.30000000,0.02365
1749260743,0.02341000,48784.30000000,0.02365
1749260743,0.02340000,505321.30000000,0.02365
1749260743,0.02339000,212106.50000000,0.02365
1749260743,0.02338000,31169.10000000,0.02365
1749260743,0.02337000,29809.40000000,0.02365
1749260743,0.02336000,2054.60000000,0.02365
1749260743,0.02335000,29613.90000000,0.02365
1749260743,0.02334000,146896.50000000,0.02365
1749260743,0.02333000,8988.70000000,0.02365
1749260743,0.02332000,29163.60000000,0.02365
1749260743,0.02331000,2275.40000000,0.02365
1749260743,0.02330000,54974.20000000,0.02365
1749260743,0.02329000,90505.10000000,0.02365
1749260743,0.02328000,330554.10000000,0.02365
1749260743,0.02327000,36378.30000000,0.02365
1749260743,0.02326000,41622.00000000,0.02365
1749260743,0.02325000,9456.20000000,0.02365
1749260743,0.02324000,85690.60000000,0.02365
1749260743,0.02323000,2093.50000000,0.02365
1749260743,0.02322000,96357.60000000,0.02365
1749260743,0.02321000,75840.40000000,0.02365
1749260743,0.02320000,677.90000000,0.02365
1749260743,0.02319000,28238.80000000,0.02365
1749260743,0.02318000,421.70000000,0.02365
1749260743,0.02317000,323442.00000000,0.02365
1749260743,0.02316000,421.70000000,0.02365
1749260743,0.02315000,2021.60000000,0.02365
1749260743,0.02314000,41835.60000000,0.02365
1749260743,0.02313000,7696.30000000,0.02365
1749260743,0.02312000,27209.20000000,0.02365
1749260743,0.02311000,93501.40000000,0.02365
1749260743,0.02310000,56142.10000000,0.02365
1749260743,0.02309000,419.00000000,0.02365
1749260743,0.02308000,419.20000000,0.02365
1749260743,0.02307000,419.40000000,0.02365
1749260743,0.02306000,636.50000000,0.02365
1749260743,0.02305000,9762.50000000,0.02365
1749260743,0.02304000,419.90000000,0.02365
1749260743,0.02303000,868.00000000,0.02365
1749260743,0.02302000,420.20000000,0.02365
1749260743,0.02301000,420.40000000,0.02365
1749260743,0.02300000,308811.60000000,0.02365
1749260743,0.02299000,1438.10000000,0.02365
1749260743,0.02298000,2197.10000000,0.02365
1749260743,0.02297000,664.90000000,0.02365
1749260743,0.02296000,7884.50000000,0.02365
1749260743,0.02295000,6898.50000000,0.02365
1749260743,0.02294000,1630.00000000,0.02365
1749260743,0.02293000,88957.10000000,0.02365
1749260743,0.02292000,422.00000000,0.02365
1749260743,0.02291000,6271.80000000,0.02365
1749260743,0.02290000,19427.80000000,0.02365
1749260743,0.02289000,693.00000000,0.02365
1749260743,0.02288000,9020.50000000,0.02365
1749260743,0.02287000,7175.80000000,0.02365
1749260743,0.02286000,912.20000000,0.02365
1749260743,0.02285000,527.80000000,0.02365
1749260743,0.02284000,28243.30000000,0.02365
1749260743,0.02283000,1191.40000000,0.02365
1749260743,0.02282000,3264.40000000,0.02365
1749260743,0.02281000,263.00000000,0.02365
1749260743,0.02280000,37543.80000000,0.02365
1749260743,0.02278000,23539.80000000,0.02365
1749260743,0.02277000,3513.30000000,0.02365
1749260743,0.02276000,6579.20000000,0.02365
1749260743,0.02275000,48191.70000000,0.02365
1749260743,0.02274000,93031.60000000,0.02365
1749260743,0.02272000,1710.50000000,0.02365
1749260743,0.02271000,643.70000000,0.02365
1749260743,0.02270000,39149.10000000,0.02365
1749260743,0.02269000,934.90000000,0.02365
1749260743,0.02268000,1164.00000000,0.02365
1749260743,0.02265000,2472.20000000,0.02365
1749260743,0.02264000,1104.20000000,0.02365
1749260743,0.02263000,7547.80000000,0.02365
1749260743,0.02261000,3489.30000000,0.02365
1749261063,0.02366000,139854.40000000,0.02367
1749261063,0.02365000,681730.70000000,0.02367
1749261063,0.02364000,618614.70000000,0.02367
1749261063,0.02363000,607986.80000000,0.02367
1749261063,0.02362000,506898.50000000,0.02367
1749261063,0.02361000,402894.30000000,0.02367
1749261063,0.02360000,377603.10000000,0.02367
1749261063,0.02359000,282994.50000000,0.02367
1749261063,0.02358000,441404.20000000,0.02367
1749261063,0.02357000,402940.40000000,0.02367
1749261063,0.02356000,731877.20000000,0.02367
1749261063,0.02355000,155870.60000000,0.02367
1749261063,0.02354000,87778.70000000,0.02367
1749261063,0.02353000,87858.90000000,0.02367
1749261063,0.02352000,243828.50000000,0.02367
1749261063,0.02351000,184675.10000000,0.02367
1749261063,0.02350000,609434.50000000,0.02367
1749261063,0.02349000,109586.80000000,0.02367
1749261063,0.02348000,197181.90000000,0.02367
1749261063,0.02347000,110843.40000000,0.02367
1749261063,0.02346000,189562.00000000,0.02367
1749261063,0.02345000,24866.00000000,0.02367
1749261063,0.02344000,48133.30000000,0.02367
1749261063,0.02343000,669902.20000000,0.02367
1749261063,0.02342000,107296.20000000,0.02367
1749261063,0.02341000,53821.10000000,0.02367
1749261063,0.02340000,98765.60000000,0.02367
1749261063,0.02339000,1230.60000000,0.02367
1749261063,0.02338000,35645.10000000,0.02367
1749261063,0.02337000,53099.20000000,0.02367
1749261063,0.02336000,2054.60000000,0.02367
1749261063,0.02335000,105602.50000000,0.02367
1749261063,0.02334000,76771.30000000,0.02367
1749261063,0.02333000,81521.30000000,0.02367
1749261063,0.02332000,5045.30000000,0.02367
1749261063,0.02331000,309556.30000000,0.02367
1749261063,0.02330000,93021.10000000,0.02367
1749261063,0.02329000,86219.00000000,0.02367
1749261063,0.02328000,4629.70000000,0.02367
1749261063,0.02327000,141094.10000000,0.02367
1749261063,0.02326000,421.70000000,0.02367
1749261063,0.02325000,9456.20000000,0.02367
1749261063,0.02324000,41316.30000000,0.02367
1749261063,0.02323000,2093.50000000,0.02367
1749261063,0.02322000,368721.30000000,0.02367
1749261063,0.02321000,9623.30000000,0.02367
1749261063,0.02320000,677.90000000,0.02367
1749261063,0.02319000,28238.80000000,0.02367
1749261063,0.02318000,421.70000000,0.02367
1749261063,0.02317000,1189.70000000,0.02367
1749261063,0.02316000,421.70000000,0.02367
1749261063,0.02315000,2021.60000000,0.02367
1749261063,0.02314000,421.70000000,0.02367
1749261063,0.02313000,107019.80000000,0.02367
1749261063,0.02312000,1303.20000000,0.02367
1749261063,0.02311000,2882.20000000,0.02367
1749261063,0.02310000,56142.10000000,0.02367
1749261063,0.02309000,419.00000000,0.02367
1749261063,0.02308000,419.20000000,0.02367
1749261063,0.02307000,419.40000000,0.02367
1749261063,0.02306000,636.50000000,0.02367
1749261063,0.02305000,1172.50000000,0.02367
1749261063,0.02304000,419.90000000,0.02367
1749261063,0.02303000,868.00000000,0.02367
1749261063,0.02302000,420.20000000,0.02367
1749261063,0.02301000,420.40000000,0.02367
1749261063,0.02300000,308811.60000000,0.02367
1749261063,0.02299000,1438.10000000,0.02367
1749261063,0.02298000,2197.10000000,0.02367
1749261063,0.02297000,664.90000000,0.02367
1749261063,0.02296000,7884.50000000,0.02367
1749261063,0.02295000,98156.90000000,0.02367
1749261063,0.02294000,1630.00000000,0.02367
1749261063,0.02293000,912.90000000,0.02367
1749261063,0.02292000,422.00000000,0.02367
1749261063,0.02291000,6271.80000000,0.02367
1749261063,0.02290000,19005.40000000,0.02367
1749261063,0.02289000,693.00000000,0.02367
1749261063,0.02288000,9020.50000000,0.02367
1749261063,0.02287000,7175.80000000,0.02367
1749261063,0.02286000,912.20000000,0.02367
1749261063,0.02285000,527.80000000,0.02367
1749261063,0.02284000,28243.30000000,0.02367
1749261063,0.02283000,1191.40000000,0.02367
1749261063,0.02282000,3264.40000000,0.02367
1749261063,0.02281000,263.00000000,0.02367
1749261063,0.02280000,37543.80000000,0.02367
1749261063,0.02278000,68529.70000000,0.02367
1749261063,0.02277000,3513.30000000,0.02367
1749261063,0.02276000,6579.20000000,0.02367
1749261063,0.02275000,3381.80000000,0.02367
1749261063,0.02274000,93031.60000000,0.02367
1749261063,0.02272000,1710.50000000,0.02367
1749261063,0.02271000,643.70000000,0.02367
1749261063,0.02270000,39149.10000000,0.02367
1749261063,0.02269000,934.90000000,0.02367
1749261063,0.02268000,1164.00000000,0.02367
1749261063,0.02265000,2472.20000000,0.02367
1749261063,0.02264000,1104.20000000,0.02367
1749261063,0.02263000,7547.80000000,0.02367
1749261373,0.02367000,361617.20000000,0.02367
1749261373,0.02366000,542783.50000000,0.02367
1749261373,0.02365000,415459.90000000,0.02367
1749261373,0.02364000,548708.50000000,0.02367
1749261373,0.02363000,657218.90000000,0.02367
1749261373,0.02362000,411244.00000000,0.02367
1749261373,0.02361000,313257.20000000,0.02367
1749261373,0.02360000,288231.50000000,0.02367
1749261373,0.02359000,599247.80000000,0.02367
1749261373,0.02358000,446620.40000000,0.02367
1749261373,0.02357000,351182.30000000,0.02367
1749261373,0.02356000,394030.70000000,0.02367
1749261373,0.02355000,142489.30000000,0.02367
1749261373,0.02354000,97193.20000000,0.02367
1749261373,0.02353000,98949.70000000,0.02367
1749261373,0.02352000,124310.20000000,0.02367
1749261373,0.02351000,173468.60000000,0.02367
1749261373,0.02350000,467308.70000000,0.02367
1749261373,0.02349000,46611.90000000,0.02367
1749261373,0.02348000,111866.70000000,0.02367
1749261373,0.02347000,47735.10000000,0.02367
1749261373,0.02346000,235099.60000000,0.02367
1749261373,0.02345000,42609.80000000,0.02367
1749261373,0.02344000,127406.70000000,0.02367
1749261373,0.02343000,652297.60000000,0.02367
1749261373,0.02342000,129667.10000000,0.02367
1749261373,0.02341000,53821.10000000,0.02367
1749261373,0.02340000,24589.50000000,0.02367
1749261373,0.02339000,1230.60000000,0.02367
1749261373,0.02338000,35645.10000000,0.02367
1749261373,0.02337000,739.90000000,0.02367
1749261373,0.02336000,2054.60000000,0.02367
1749261373,0.02335000,74994.60000000,0.02367
1749261373,0.02334000,76771.30000000,0.02367
1749261373,0.02333000,199615.40000000,0.02367
1749261373,0.02332000,764.70000000,0.02367
1749261373,0.02331000,301062.10000000,0.02367
1749261373,0.02330000,93021.10000000,0.02367
1749261373,0.02329000,140224.40000000,0.02367
1749261373,0.02328000,4629.70000000,0.02367
1749261373,0.02327000,70757.90000000,0.02367
1749261373,0.02326000,421.70000000,0.02367
1749261373,0.02325000,9456.20000000,0.02367
1749261373,0.02324000,421.70000000,0.02367
1749261373,0.02323000,2093.50000000,0.02367
1749261373,0.02322000,413627.60000000,0.02367
1749261373,0.02321000,5322.40000000,0.02367
1749261373,0.02320000,677.90000000,0.02367
1749261373,0.02319000,28238.80000000,0.02367
1749261373,0.02318000,421.70000000,0.02367
1749261373,0.02317000,72708.30000000,0.02367
1749261373,0.02316000,421.70000000,0.02367
1749261373,0.02315000,2021.60000000,0.02367
1749261373,0.02314000,421.70000000,0.02367
1749261373,0.02313000,107019.80000000,0.02367
1749261373,0.02312000,1303.20000000,0.02367
1749261373,0.02311000,2882.20000000,0.02367
1749261373,0.02310000,56142.10000000,0.02367
1749261373,0.02309000,419.00000000,0.02367
1749261373,0.02308000,419.20000000,0.02367
1749261373,0.02307000,419.40000000,0.02367
1749261373,0.02306000,636.50000000,0.02367
1749261373,0.02305000,1172.50000000,0.02367
1749261373,0.02304000,419.90000000,0.02367
1749261373,0.02303000,868.00000000,0.02367
1749261373,0.02302000,420.20000000,0.02367
1749261373,0.02301000,420.40000000,0.02367
1749261373,0.02300000,308811.60000000,0.02367
1749261373,0.02299000,1438.10000000,0.02367
1749261373,0.02298000,2197.10000000,0.02367
1749261373,0.02297000,664.90000000,0.02367
1749261373,0.02296000,7884.50000000,0.02367
1749261373,0.02295000,98156.90000000,0.02367
1749261373,0.02294000,1630.00000000,0.02367
1749261373,0.02293000,912.90000000,0.02367
1749261373,0.02292000,422.00000000,0.02367
1749261373,0.02291000,5849.60000000,0.02367
1749261373,0.02290000,19005.40000000,0.02367
1749261373,0.02289000,693.00000000,0.02367
1749261373,0.02288000,9020.50000000,0.02367
1749261373,0.02287000,7175.80000000,0.02367
1749261373,0.02286000,912.20000000,0.02367
1749261373,0.02285000,527.80000000,0.02367
1749261373,0.02284000,28243.30000000,0.02367
1749261373,0.02283000,1191.40000000,0.02367
1749261373,0.02282000,3264.40000000,0.02367
1749261373,0.02281000,263.00000000,0.02367
1749261373,0.02280000,37543.80000000,0.02367
1749261373,0.02278000,68529.70000000,0.02367
1749261373,0.02277000,3513.30000000,0.02367
1749261373,0.02276000,6579.20000000,0.02367
1749261373,0.02275000,3381.80000000,0.02367
1749261373,0.02274000,93031.60000000,0.02367
1749261373,0.02272000,1710.50000000,0.02367
1749261373,0.02271000,643.70000000,0.02367
1749261373,0.02270000,39149.10000000,0.02367
1749261373,0.02269000,934.90000000,0.02367
1749261373,0.02268000,1164.00000000,0.02367
1749261373,0.02265000,2472.20000000,0.02367
1749261373,0.02264000,1104.20000000,0.02367
1749261674,0.02364000,114493.50000000,0.02365
1749261674,0.02363000,609852.20000000,0.02365
1749261674,0.02362000,360217.70000000,0.02365
1749261674,0.02361000,813604.00000000,0.02365
1749261674,0.02360000,680297.70000000,0.02365
1749261674,0.02359000,573602.70000000,0.02365
1749261674,0.02358000,366040.10000000,0.02365
1749261674,0.02357000,95609.70000000,0.02365
1749261674,0.02356000,810945.20000000,0.02365
1749261674,0.02355000,128629.60000000,0.02365
1749261674,0.02354000,340560.10000000,0.02365
1749261674,0.02353000,92841.90000000,0.02365
1749261674,0.02352000,124310.20000000,0.02365
1749261674,0.02351000,212408.10000000,0.02365
1749261674,0.02350000,575921.20000000,0.02365
1749261674,0.02349000,107602.80000000,0.02365
1749261674,0.02348000,111866.70000000,0.02365
1749261674,0.02347000,24592.60000000,0.02365
1749261674,0.02346000,233413.30000000,0.02365
1749261674,0.02345000,48909.50000000,0.02365
1749261674,0.02344000,127406.70000000,0.02365
1749261674,0.02343000,654272.00000000,0.02365
1749261674,0.02342000,147202.00000000,0.02365
1749261674,0.02341000,80610.70000000,0.02365
1749261674,0.02340000,2430.10000000,0.02365
1749261674,0.02339000,25080.60000000,0.02365
1749261674,0.02338000,59495.10000000,0.02365
1749261674,0.02337000,739.90000000,0.02365
1749261674,0.02336000,2054.60000000,0.02365
1749261674,0.02335000,257532.90000000,0.02365
1749261674,0.02334000,76771.30000000,0.02365
1749261674,0.02333000,37191.40000000,0.02365
1749261674,0.02332000,764.70000000,0.02365
1749261674,0.02331000,423541.60000000,0.02365
1749261674,0.02330000,93021.10000000,0.02365
1749261674,0.02329000,17640.20000000,0.02365
1749261674,0.02328000,4629.70000000,0.02365
1749261674,0.02327000,70757.90000000,0.02365
1749261674,0.02326000,421.70000000,0.02365
1749261674,0.02325000,9456.20000000,0.02365
1749261674,0.02324000,421.70000000,0.02365
1749261674,0.02323000,287535.10000000,0.02365
1749261674,0.02322000,96357.60000000,0.02365
1749261674,0.02321000,5322.40000000,0.02365
1749261674,0.02320000,677.90000000,0.02365
1749261674,0.02319000,99695.90000000,0.02365
1749261674,0.02318000,421.70000000,0.02365
1749261674,0.02317000,1189.70000000,0.02365
1749261674,0.02316000,421.70000000,0.02365
1749261674,0.02315000,2021.60000000,0.02365
1749261674,0.02314000,421.70000000,0.02365
1749261674,0.02313000,107091.10000000,0.02365
1749261674,0.02312000,1303.20000000,0.02365
1749261674,0.02311000,2882.20000000,0.02365
1749261674,0.02310000,56142.10000000,0.02365
1749261674,0.02309000,419.00000000,0.02365
1749261674,0.02308000,419.20000000,0.02365
1749261674,0.02307000,419.40000000,0.02365
1749261674,0.02306000,636.50000000,0.02365
1749261674,0.02305000,1172.50000000,0.02365
1749261674,0.02304000,419.90000000,0.02365
1749261674,0.02303000,868.00000000,0.02365
1749261674,0.02302000,420.20000000,0.02365
1749261674,0.02301000,420.40000000,0.02365
1749261674,0.02300000,308811.60000000,0.02365
1749261674,0.02299000,1438.10000000,0.02365
1749261674,0.02298000,2197.10000000,0.02365
1749261674,0.02297000,664.90000000,0.02365
1749261674,0.02296000,7884.50000000,0.02365
1749261674,0.02295000,98156.90000000,0.02365
1749261674,0.02294000,1630.00000000,0.02365
1749261674,0.02293000,912.90000000,0.02365
1749261674,0.02292000,422.00000000,0.02365
1749261674,0.02291000,6271.80000000,0.02365
1749261674,0.02290000,36895.00000000,0.02365
1749261674,0.02289000,1115.60000000,0.02365
1749261674,0.02288000,9020.50000000,0.02365
1749261674,0.02287000,7175.80000000,0.02365
1749261674,0.02286000,912.20000000,0.02365
1749261674,0.02285000,527.80000000,0.02365
1749261674,0.02284000,28243.30000000,0.02365
1749261674,0.02283000,1191.40000000,0.02365
1749261674,0.02282000,3264.40000000,0.02365
1749261674,0.02281000,263.00000000,0.02365
1749261674,0.02280000,37543.80000000,0.02365
1749261674,0.02278000,68529.70000000,0.02365
1749261674,0.02277000,3513.30000000,0.02365
1749261674,0.02276000,6579.20000000,0.02365
1749261674,0.02275000,3381.80000000,0.02365
1749261674,0.02274000,93031.60000000,0.02365
1749261674,0.02272000,1710.50000000,0.02365
1749261674,0.02271000,643.70000000,0.02365
1749261674,0.02270000,39149.10000000,0.02365
1749261674,0.02269000,934.90000000,0.02365
1749261674,0.02268000,1164.00000000,0.02365
1749261674,0.02265000,2472.20000000,0.02365
1749261674,0.02264000,1104.20000000,0.02365
1749261674,0.02263000,7547.80000000,0.02365
1749261674,0.02261000,3489.30000000,0.02365
1749261674,0.02260000,24107.40000000,0.02365
1749261981,0.02363000,6092.00000000,0.02364
1749261981,0.02362000,501766.20000000,0.02364
1749261981,0.02361000,314398.50000000,0.02364
1749261981,0.02360000,618098.10000000,0.02364
1749261981,0.02359000,764044.10000000,0.02364
1749261981,0.02358000,346660.30000000,0.02364
1749261981,0.02357000,403693.10000000,0.02364
1749261981,0.02356000,464604.00000000,0.02364
1749261981,0.02355000,98414.30000000,0.02364
1749261981,0.02354000,486494.50000000,0.02364
1749261981,0.02353000,477507.30000000,0.02364
1749261981,0.02352000,124310.20000000,0.02364
1749261981,0.02351000,381182.60000000,0.02364
1749261981,0.02350000,467308.70000000,0.02364
1749261981,0.02349000,161962.60000000,0.02364
1749261981,0.02348000,158134.30000000,0.02364
1749261981,0.02347000,150002.50000000,0.02364
1749261981,0.02346000,206039.00000000,0.02364
1749261981,0.02345000,72639.40000000,0.02364
1749261981,0.02344000,104652.80000000,0.02364
1749261981,0.02343000,555795.00000000,0.02364
1749261981,0.02342000,175582.30000000,0.02364
1749261981,0.02341000,66264.70000000,0.02364
1749261981,0.02340000,46944.00000000,0.02364
1749261981,0.02339000,28750.10000000,0.02364
1749261981,0.02338000,53981.40000000,0.02364
1749261981,0.02337000,53658.60000000,0.02364
1749261981,0.02336000,5648.80000000,0.02364
1749261981,0.02335000,281568.90000000,0.02364
1749261981,0.02334000,76771.30000000,0.02364
1749261981,0.02333000,41470.20000000,0.02364
1749261981,0.02332000,29163.60000000,0.02364
1749261981,0.02331000,419259.10000000,0.02364
1749261981,0.02330000,166428.60000000,0.02364
1749261981,0.02329000,21926.30000000,0.02364
1749261981,0.02328000,4629.70000000,0.02364
1749261981,0.02327000,421.70000000,0.02364
1749261981,0.02326000,421.70000000,0.02364
1749261981,0.02325000,9456.20000000,0.02364
1749261981,0.02324000,421.70000000,0.02364
1749261981,0.02323000,2093.50000000,0.02364
1749261981,0.02322000,166845.20000000,0.02364
1749261981,0.02321000,5322.40000000,0.02364
1749261981,0.02320000,677.90000000,0.02364
1749261981,0.02319000,95391.30000000,0.02364
1749261981,0.02318000,421.70000000,0.02364
1749261981,0.02317000,291672.10000000,0.02364
1749261981,0.02316000,421.70000000,0.02364
1749261981,0.02315000,2021.60000000,0.02364
1749261981,0.02314000,421.70000000,0.02364
1749261981,0.02313000,107091.10000000,0.02364
1749261981,0.02312000,1303.20000000,0.02364
1749261981,0.02311000,2882.20000000,0.02364
1749261981,0.02310000,56142.10000000,0.02364
1749261981,0.02309000,419.00000000,0.02364
1749261981,0.02308000,419.20000000,0.02364
1749261981,0.02307000,419.40000000,0.02364
1749261981,0.02306000,636.50000000,0.02364
1749261981,0.02305000,1172.50000000,0.02364
1749261981,0.02304000,419.90000000,0.02364
1749261981,0.02303000,868.00000000,0.02364
1749261981,0.02302000,420.20000000,0.02364
1749261981,0.02301000,420.40000000,0.02364
1749261981,0.02300000,308811.60000000,0.02364
1749261981,0.02299000,1438.10000000,0.02364
1749261981,0.02298000,2197.10000000,0.02364
1749261981,0.02297000,664.90000000,0.02364
1749261981,0.02296000,7884.50000000,0.02364
1749261981,0.02295000,98156.90000000,0.02364
1749261981,0.02294000,1630.00000000,0.02364
1749261981,0.02293000,3348.80000000,0.02364
1749261981,0.02292000,422.00000000,0.02364
1749261981,0.02291000,6271.80000000,0.02364
1749261981,0.02290000,36895.00000000,0.02364
1749261981,0.02289000,1115.60000000,0.02364
1749261981,0.02288000,7001.90000000,0.02364
1749261981,0.02287000,7175.80000000,0.02364
1749261981,0.02286000,912.20000000,0.02364
1749261981,0.02285000,527.80000000,0.02364
1749261981,0.02284000,28243.30000000,0.02364
1749261981,0.02283000,1191.40000000,0.02364
1749261981,0.02282000,3264.40000000,0.02364
1749261981,0.02281000,263.00000000,0.02364
1749261981,0.02280000,37543.80000000,0.02364
1749261981,0.02278000,68529.70000000,0.02364
1749261981,0.02277000,3513.30000000,0.02364
1749261981,0.02276000,6579.20000000,0.02364
1749261981,0.02275000,3381.80000000,0.02364
1749261981,0.02274000,93031.60000000,0.02364
1749261981,0.02272000,1710.50000000,0.02364
1749261981,0.02271000,643.70000000,0.02364
1749261981,0.02270000,39149.10000000,0.02364
1749261981,0.02269000,934.90000000,0.02364
1749261981,0.02268000,1164.00000000,0.02364
1749261981,0.02265000,2472.20000000,0.02364
1749261981,0.02264000,1104.20000000,0.02364
1749261981,0.02263000,7547.80000000,0.02364
1749261981,0.02261000,3489.30000000,0.02364
1749261981,0.02260000,24107.40000000,0.02364
1749261981,0.02259000,380.50000000,0.02364
1749262282,0.02368000,232456.00000000,0.02368
1749262282,0.02367000,559434.40000000,0.02368
1749262282,0.02366000,495900.70000000,0.02368
1749262282,0.02365000,437625.00000000,0.02368
1749262282,0.02364000,677929.60000000,0.02368
1749262282,0.02363000,384627.60000000,0.02368
1749262282,0.02362000,176226.50000000,0.02368
1749262282,0.02361000,183096.60000000,0.02368
1749262282,0.02360000,459049.50000000,0.02368
1749262282,0.02359000,172722.90000000,0.02368
1749262282,0.02358000,385738.30000000,0.02368
1749262282,0.02357000,278598.70000000,0.02368
1749262282,0.02356000,614869.30000000,0.02368
1749262282,0.02355000,128569.60000000,0.02368
1749262282,0.02354000,180885.00000000,0.02368
1749262282,0.02353000,456953.70000000,0.02368
1749262282,0.02352000,143778.30000000,0.02368
1749262282,0.02351000,127583.70000000,0.02368
1749262282,0.02350000,476778.60000000,0.02368
1749262282,0.02349000,87797.60000000,0.02368
1749262282,0.02348000,123615.90000000,0.02368
1749262282,0.02347000,140408.00000000,0.02368
1749262282,0.02346000,204326.80000000,0.02368
1749262282,0.02345000,72639.40000000,0.02368
1749262282,0.02344000,127406.70000000,0.02368
1749262282,0.02343000,555795.00000000,0.02368
1749262282,0.02342000,248613.60000000,0.02368
1749262282,0.02341000,48784.30000000,0.02368
1749262282,0.02340000,24017.70000000,0.02368
1749262282,0.02339000,4900.10000000,0.02368
1749262282,0.02338000,7319.10000000,0.02368
1749262282,0.02337000,29808.60000000,0.02368
1749262282,0.02336000,9922.10000000,0.02368
1749262282,0.02335000,242328.40000000,0.02368
1749262282,0.02334000,92168.30000000,0.02368
1749262282,0.02333000,37191.40000000,0.02368
1749262282,0.02332000,29163.60000000,0.02368
1749262282,0.02331000,410694.10000000,0.02368
1749262282,0.02330000,105874.00000000,0.02368
1749262282,0.02329000,17640.20000000,0.02368
1749262282,0.02328000,4629.70000000,0.02368
1749262282,0.02327000,421.70000000,0.02368
1749262282,0.02326000,421.70000000,0.02368
1749262282,0.02325000,9456.20000000,0.02368
1749262282,0.02324000,421.70000000,0.02368
1749262282,0.02323000,2093.50000000,0.02368
1749262282,0.02322000,453477.10000000,0.02368
1749262282,0.02321000,5322.40000000,0.02368
1749262282,0.02320000,4980.70000000,0.02368
1749262282,0.02319000,82477.40000000,0.02368
1749262282,0.02318000,13341.20000000,0.02368
1749262282,0.02317000,1189.70000000,0.02368
1749262282,0.02316000,421.70000000,0.02368
1749262282,0.02315000,2021.60000000,0.02368
1749262282,0.02314000,421.70000000,0.02368
1749262282,0.02313000,107091.10000000,0.02368
1749262282,0.02312000,1303.20000000,0.02368
1749262282,0.02311000,2882.20000000,0.02368
1749262282,0.02310000,56142.10000000,0.02368
1749262282,0.02309000,419.00000000,0.02368
1749262282,0.02308000,419.20000000,0.02368
1749262282,0.02307000,419.40000000,0.02368
1749262282,0.02306000,636.50000000,0.02368
1749262282,0.02305000,1172.50000000,0.02368
1749262282,0.02304000,419.90000000,0.02368
1749262282,0.02303000,868.00000000,0.02368
1749262282,0.02302000,420.20000000,0.02368
1749262282,0.02301000,420.40000000,0.02368
1749262282,0.02300000,308811.60000000,0.02368
1749262282,0.02299000,1438.10000000,0.02368
1749262282,0.02298000,2197.10000000,0.02368
1749262282,0.02297000,664.90000000,0.02368
1749262282,0.02296000,7884.50000000,0.02368
1749262282,0.02295000,98156.90000000,0.02368
1749262282,0.02294000,1630.00000000,0.02368
1749262282,0.02293000,3348.80000000,0.02368
1749262282,0.02291000,5849.60000000,0.02368
1749262282,0.02290000,36472.60000000,0.02368
1749262282,0.02289000,693.00000000,0.02368
1749262282,0.02288000,6579.20000000,0.02368
1749262282,0.02287000,7175.80000000,0.02368
1749262282,0.02286000,912.20000000,0.02368
1749262282,0.02285000,527.80000000,0.02368
1749262282,0.02284000,28243.30000000,0.02368
1749262282,0.02283000,1191.40000000,0.02368
1749262282,0.02282000,3264.40000000,0.02368
1749262282,0.02281000,263.00000000,0.02368
1749262282,0.02280000,37543.80000000,0.02368
1749262282,0.02278000,68529.70000000,0.02368
1749262282,0.02277000,3513.30000000,0.02368
1749262282,0.02276000,6579.20000000,0.02368
1749262282,0.02275000,3381.80000000,0.02368
1749262282,0.02274000,93031.60000000,0.02368
1749262282,0.02272000,1710.50000000,0.02368
1749262282,0.02271000,643.70000000,0.02368
1749262282,0.02270000,39149.10000000,0.02368
1749262282,0.02269000,934.90000000,0.02368
1749262282,0.02268000,1164.00000000,0.02368
1749262282,0.02265000,2472.20000000,0.02368
1749262282,0.02264000,1104.20000000,0.02368
1749262584,0.02371000,53260.70000000,0.02372
1749262584,0.02370000,513524.80000000,0.02372
1749262584,0.02369000,455767.80000000,0.02372
1749262584,0.02368000,575160.50000000,0.02372
1749262584,0.02367000,535237.10000000,0.02372
1749262584,0.02366000,460275.70000000,0.02372
1749262584,0.02365000,334354.40000000,0.02372
1749262584,0.02364000,256699.20000000,0.02372
1749262584,0.02363000,164995.90000000,0.02372
1749262584,0.02362000,555921.70000000,0.02372
1749262584,0.02361000,390724.70000000,0.02372
1749262584,0.02360000,433601.50000000,0.02372
1749262584,0.02359000,87830.90000000,0.02372
1749262584,0.02358000,455571.40000000,0.02372
1749262584,0.02357000,161745.00000000,0.02372
1749262584,0.02356000,457032.20000000,0.02372
1749262584,0.02355000,108301.50000000,0.02372
1749262584,0.02354000,528485.30000000,0.02372
1749262584,0.02353000,97167.10000000,0.02372
1749262584,0.02352000,175987.80000000,0.02372
1749262584,0.02351000,151565.90000000,0.02372
1749262584,0.02350000,44693.00000000,0.02372
1749262584,0.02349000,87797.60000000,0.02372
1749262584,0.02348000,197208.50000000,0.02372
1749262584,0.02347000,353973.90000000,0.02372
1749262584,0.02346000,134688.30000000,0.02372
1749262584,0.02345000,73802.40000000,0.02372
1749262584,0.02344000,127406.70000000,0.02372
1749262584,0.02343000,387367.80000000,0.02372
1749262584,0.02342000,156477.60000000,0.02372
1749262584,0.02341000,29971.10000000,0.02372
1749262584,0.02340000,74276.40000000,0.02372
1749262584,0.02339000,25883.00000000,0.02372
1749262584,0.02338000,174751.00000000,0.02372
1749262584,0.02337000,739.90000000,0.02372
1749262584,0.02336000,2054.60000000,0.02372
1749262584,0.02335000,1302.80000000,0.02372
1749262584,0.02334000,175124.30000000,0.02372
1749262584,0.02333000,62864.20000000,0.02372
1749262584,0.02332000,764.70000000,0.02372
1749262584,0.02331000,301062.10000000,0.02372
1749262584,0.02330000,93021.10000000,0.02372
1749262584,0.02329000,17640.20000000,0.02372
1749262584,0.02328000,4629.70000000,0.02372
1749262584,0.02327000,70757.90000000,0.02372
1749262584,0.02326000,421.70000000,0.02372
1749262584,0.02325000,9456.20000000,0.02372
1749262584,0.02324000,421.70000000,0.02372
1749262584,0.02323000,21860.70000000,0.02372
1749262584,0.02322000,345819.90000000,0.02372
1749262584,0.02321000,22526.20000000,0.02372
1749262584,0.02320000,677.90000000,0.02372
1749262584,0.02319000,28238.80000000,0.02372
1749262584,0.02318000,421.70000000,0.02372
1749262584,0.02317000,1189.70000000,0.02372
1749262584,0.02316000,421.70000000,0.02372
1749262584,0.02315000,2021.60000000,0.02372
1749262584,0.02314000,421.70000000,0.02372
1749262584,0.02313000,107091.10000000,0.02372
1749262584,0.02312000,1303.20000000,0.02372
1749262584,0.02311000,2882.20000000,0.02372
1749262584,0.02310000,56142.10000000,0.02372
1749262584,0.02309000,419.00000000,0.02372
1749262584,0.02308000,419.20000000,0.02372
1749262584,0.02307000,419.40000000,0.02372
1749262584,0.02306000,636.50000000,0.02372
1749262584,0.02305000,1172.50000000,0.02372
1749262584,0.02304000,419.90000000,0.02372
1749262584,0.02303000,868.00000000,0.02372
1749262584,0.02302000,420.20000000,0.02372
1749262584,0.02301000,420.40000000,0.02372
1749262584,0.02300000,308811.60000000,0.02372
1749262584,0.02299000,1438.10000000,0.02372
1749262584,0.02298000,2197.10000000,0.02372
1749262584,0.02297000,664.90000000,0.02372
1749262584,0.02296000,7884.50000000,0.02372
1749262584,0.02295000,97735.40000000,0.02372
1749262584,0.02294000,1208.30000000,0.02372
1749262584,0.02293000,2927.00000000,0.02372
1749262584,0.02291000,5849.60000000,0.02372
1749262584,0.02290000,19005.40000000,0.02372
1749262584,0.02289000,693.00000000,0.02372
1749262584,0.02288000,6579.20000000,0.02372
1749262584,0.02287000,7175.80000000,0.02372
1749262584,0.02286000,912.20000000,0.02372
1749262584,0.02285000,527.80000000,0.02372
1749262584,0.02284000,28243.30000000,0.02372
1749262584,0.02283000,1191.40000000,0.02372
1749262584,0.02282000,3264.40000000,0.02372
1749262584,0.02281000,263.00000000,0.02372
1749262584,0.02280000,37543.80000000,0.02372
1749262584,0.02278000,68529.70000000,0.02372
1749262584,0.02277000,3513.30000000,0.02372
1749262584,0.02276000,6579.20000000,0.02372
1749262584,0.02275000,3381.80000000,0.02372
1749262584,0.02274000,93031.60000000,0.02372
1749262584,0.02272000,1710.50000000,0.02372
1749262584,0.02271000,643.70000000,0.02372
1749262584,0.02270000,74391.30000000,0.02372
1749262584,0.02269000,934.90000000,0.02372
1749262890,0.02367000,326176.50000000,0.02368
1749262890,0.02366000,648200.60000000,0.02368
1749262890,0.02365000,480719.90000000,0.02368
1749262890,0.02364000,645769.20000000,0.02368
1749262890,0.02363000,690028.40000000,0.02368
1749262890,0.02362000,421773.30000000,0.02368
1749262890,0.02361000,277559.60000000,0.02368
1749262890,0.02360000,488586.00000000,0.02368
1749262890,0.02359000,806380.60000000,0.02368
1749262890,0.02358000,389052.80000000,0.02368
1749262890,0.02357000,97279.50000000,0.02368
1749262890,0.02356000,538161.90000000,0.02368
1749262890,0.02355000,88958.50000000,0.02368
1749262890,0.02354000,196239.90000000,0.02368
1749262890,0.02353000,97167.10000000,0.02368
1749262890,0.02352000,195369.90000000,0.02368
1749262890,0.02351000,175235.30000000,0.02368
1749262890,0.02350000,83030.50000000,0.02368
1749262890,0.02349000,437714.70000000,0.02368
1749262890,0.02348000,197208.50000000,0.02368
1749262890,0.02347000,354263.60000000,0.02368
1749262890,0.02346000,134398.40000000,0.02368
1749262890,0.02345000,69457.90000000,0.02368
1749262890,0.02344000,70887.20000000,0.02368
1749262890,0.02343000,48101.70000000,0.02368
1749262890,0.02342000,180327.60000000,0.02368
1749262890,0.02341000,53821.10000000,0.02368
1749262890,0.02340000,74276.40000000,0.02368
1749262890,0.02339000,5498.40000000,0.02368
1749262890,0.02338000,50076.60000000,0.02368
1749262890,0.02337000,227112.30000000,0.02368
1749262890,0.02336000,19518.80000000,0.02368
1749262890,0.02335000,1302.80000000,0.02368
1749262890,0.02334000,92168.30000000,0.02368
1749262890,0.02333000,37191.40000000,0.02368
1749262890,0.02332000,764.70000000,0.02368
1749262890,0.02331000,78723.20000000,0.02368
1749262890,0.02330000,93021.10000000,0.02368
1749262890,0.02329000,421.70000000,0.02368
1749262890,0.02328000,74935.70000000,0.02368
1749262890,0.02327000,70757.90000000,0.02368
1749262890,0.02326000,421.70000000,0.02368
1749262890,0.02325000,9456.20000000,0.02368
1749262890,0.02324000,421.70000000,0.02368
1749262890,0.02323000,17563.50000000,0.02368
1749262890,0.02322000,311427.10000000,0.02368
1749262890,0.02321000,5322.40000000,0.02368
1749262890,0.02320000,677.90000000,0.02368
1749262890,0.02319000,119875.40000000,0.02368
1749262890,0.02318000,421.70000000,0.02368
1749262890,0.02317000,1189.70000000,0.02368
1749262890,0.02316000,421.70000000,0.02368
1749262890,0.02315000,2021.60000000,0.02368
1749262890,0.02314000,421.70000000,0.02368
1749262890,0.02313000,16327.90000000,0.02368
1749262890,0.02312000,1303.20000000,0.02368
1749262890,0.02311000,2882.20000000,0.02368
1749262890,0.02310000,56142.10000000,0.02368
1749262890,0.02309000,419.00000000,0.02368
1749262890,0.02308000,419.20000000,0.02368
1749262890,0.02307000,419.40000000,0.02368
1749262890,0.02306000,636.50000000,0.02368
1749262890,0.02305000,1172.50000000,0.02368
1749262890,0.02304000,419.90000000,0.02368
1749262890,0.02303000,868.00000000,0.02368
1749262890,0.02302000,420.20000000,0.02368
1749262890,0.02301000,92417.10000000,0.02368
1749262890,0.02300000,308811.60000000,0.02368
1749262890,0.02299000,1438.10000000,0.02368
1749262890,0.02298000,2197.10000000,0.02368
1749262890,0.02297000,664.90000000,0.02368
1749262890,0.02296000,7884.50000000,0.02368
1749262890,0.02295000,6898.50000000,0.02368
1749262890,0.02294000,1630.10000000,0.02368
1749262890,0.02293000,3348.80000000,0.02368
1749262890,0.02292000,422.00000000,0.02368
1749262890,0.02291000,5849.60000000,0.02368
1749262890,0.02290000,19005.40000000,0.02368
1749262890,0.02289000,693.00000000,0.02368
1749262890,0.02288000,6579.20000000,0.02368
1749262890,0.02287000,7175.80000000,0.02368
1749262890,0.02286000,912.20000000,0.02368
1749262890,0.02285000,527.80000000,0.02368
1749262890,0.02284000,28243.30000000,0.02368
1749262890,0.02283000,47162.70000000,0.02368
1749262890,0.02282000,3264.40000000,0.02368
1749262890,0.02281000,263.00000000,0.02368
1749262890,0.02280000,37543.80000000,0.02368
1749262890,0.02278000,23539.80000000,0.02368
1749262890,0.02277000,3513.30000000,0.02368
1749262890,0.02276000,6579.20000000,0.02368
1749262890,0.02275000,3381.80000000,0.02368
1749262890,0.02274000,93031.60000000,0.02368
1749262890,0.02272000,1710.50000000,0.02368
1749262890,0.02271000,643.70000000,0.02368
1749262890,0.02270000,74391.30000000,0.02368
1749262890,0.02269000,934.90000000,0.02368
1749262890,0.02268000,1164.00000000,0.02368
1749262890,0.02265000,2472.20000000,0.02368
1749262890,0.02264000,1104.20000000,0.02368
1749263192,0.02371000,50025.20000000,0.02371
1749263192,0.02370000,568367.90000000,0.02371
1749263192,0.02369000,516829.00000000,0.02371
1749263192,0.02368000,596936.20000000,0.02371
1749263192,0.02367000,726349.00000000,0.02371
1749263192,0.02366000,243215.80000000,0.02371
1749263192,0.02365000,223909.90000000,0.02371
1749263192,0.02364000,197014.70000000,0.02371
1749263192,0.02363000,431582.30000000,0.02371
1749263192,0.02362000,352031.40000000,0.02371
1749263192,0.02361000,470157.60000000,0.02371
1749263192,0.02360000,367042.00000000,0.02371
1749263192,0.02359000,461844.20000000,0.02371
1749263192,0.02358000,146549.50000000,0.02371
1749263192,0.02357000,205690.90000000,0.02371
1749263192,0.02356000,538161.90000000,0.02371
1749263192,0.02355000,108766.20000000,0.02371
1749263192,0.02354000,87831.90000000,0.02371
1749263192,0.02353000,87832.40000000,0.02371
1749263192,0.02352000,175987.80000000,0.02371
1749263192,0.02351000,174917.70000000,0.02371
1749263192,0.02350000,101006.80000000,0.02371
1749263192,0.02349000,437714.70000000,0.02371
1749263192,0.02348000,197208.50000000,0.02371
1749263192,0.02347000,354263.60000000,0.02371
1749263192,0.02346000,134398.40000000,0.02371
1749263192,0.02345000,97706.00000000,0.02371
1749263192,0.02344000,47037.20000000,0.02371
1749263192,0.02343000,24251.70000000,0.02371
1749263192,0.02342000,156477.60000000,0.02371
1749263192,0.02341000,106092.40000000,0.02371
1749263192,0.02340000,8597.00000000,0.02371
1749263192,0.02339000,41513.90000000,0.02371
1749263192,0.02338000,189182.50000000,0.02371
1749263192,0.02337000,227112.30000000,0.02371
1749263192,0.02336000,19518.80000000,0.02371
1749263192,0.02335000,5577.90000000,0.02371
1749263192,0.02334000,15818.70000000,0.02371
1749263192,0.02333000,173964.00000000,0.02371
1749263192,0.02332000,764.70000000,0.02371
1749263192,0.02331000,78723.20000000,0.02371
1749263192,0.02330000,93021.10000000,0.02371
1749263192,0.02329000,421.70000000,0.02371
1749263192,0.02328000,4629.70000000,0.02371
1749263192,0.02327000,355713.20000000,0.02371
1749263192,0.02326000,421.70000000,0.02371
1749263192,0.02325000,9456.20000000,0.02371
1749263192,0.02324000,4717.10000000,0.02371
1749263192,0.02323000,17563.50000000,0.02371
1749263192,0.02322000,77459.20000000,0.02371
1749263192,0.02321000,5322.40000000,0.02371
1749263192,0.02320000,677.90000000,0.02371
1749263192,0.02319000,119875.40000000,0.02371
1749263192,0.02318000,421.70000000,0.02371
1749263192,0.02317000,1189.70000000,0.02371
1749263192,0.02316000,421.70000000,0.02371
1749263192,0.02315000,2021.60000000,0.02371
1749263192,0.02314000,421.70000000,0.02371
1749263192,0.02313000,16327.90000000,0.02371
1749263192,0.02312000,1303.20000000,0.02371
1749263192,0.02311000,2882.20000000,0.02371
1749263192,0.02310000,56142.10000000,0.02371
1749263192,0.02309000,419.00000000,0.02371
1749263192,0.02308000,419.20000000,0.02371
1749263192,0.02307000,419.40000000,0.02371
1749263192,0.02306000,636.50000000,0.02371
1749263192,0.02305000,1172.50000000,0.02371
1749263192,0.02304000,419.90000000,0.02371
1749263192,0.02303000,868.00000000,0.02371
1749263192,0.02302000,420.20000000,0.02371
1749263192,0.02301000,92417.10000000,0.02371
1749263192,0.02300000,308811.60000000,0.02371
1749263192,0.02299000,1438.10000000,0.02371
1749263192,0.02298000,2197.10000000,0.02371
1749263192,0.02297000,664.90000000,0.02371
1749263192,0.02296000,7884.50000000,0.02371
1749263192,0.02295000,6477.00000000,0.02371
1749263192,0.02294000,1208.30000000,0.02371
1749263192,0.02293000,2927.00000000,0.02371
1749263192,0.02291000,5849.60000000,0.02371
1749263192,0.02290000,19005.40000000,0.02371
1749263192,0.02289000,693.00000000,0.02371
1749263192,0.02288000,6579.20000000,0.02371
1749263192,0.02287000,7175.80000000,0.02371
1749263192,0.02286000,912.20000000,0.02371
1749263192,0.02285000,527.80000000,0.02371
1749263192,0.02284000,28243.30000000,0.02371
1749263192,0.02283000,47162.70000000,0.02371
1749263192,0.02282000,3264.40000000,0.02371
1749263192,0.02281000,263.00000000,0.02371
1749263192,0.02280000,37543.80000000,0.02371
1749263192,0.02278000,23539.80000000,0.02371
1749263192,0.02277000,3513.30000000,0.02371
1749263192,0.02276000,6579.20000000,0.02371
1749263192,0.02275000,3381.80000000,0.02371
1749263192,0.02274000,93031.60000000,0.02371
1749263192,0.02272000,1710.50000000,0.02371
1749263192,0.02271000,643.70000000,0.02371
1749263192,0.02270000,74391.30000000,0.02371
1749263192,0.02269000,934.90000000,0.02371
1749263498,0.02370000,105685.40000000,0.02371
1749263498,0.02369000,646575.70000000,0.02371
1749263498,0.02368000,271400.90000000,0.02371
1749263498,0.02367000,539881.90000000,0.02371
1749263498,0.02366000,737374.10000000,0.02371
1749263498,0.02365000,392374.70000000,0.02371
1749263498,0.02364000,335815.70000000,0.02371
1749263498,0.02363000,180478.40000000,0.02371
1749263498,0.02362000,760808.50000000,0.02371
1749263498,0.02361000,211331.20000000,0.02371
1749263498,0.02360000,97399.20000000,0.02371
1749263498,0.02359000,724521.00000000,0.02371
1749263498,0.02358000,146549.50000000,0.02371
1749263498,0.02357000,161745.00000000,0.02371
1749263498,0.02356000,538161.90000000,0.02371
1749263498,0.02355000,143142.20000000,0.02371
1749263498,0.02354000,140488.70000000,0.02371
1749263498,0.02353000,97394.30000000,0.02371
1749263498,0.02352000,175987.80000000,0.02371
1749263498,0.02351000,150935.50000000,0.02371
1749263498,0.02350000,129721.70000000,0.02371
1749263498,0.02349000,478069.40000000,0.02371
1749263498,0.02348000,174764.20000000,0.02371
1749263498,0.02347000,306933.20000000,0.02371
1749263498,0.02346000,134398.40000000,0.02371
1749263498,0.02345000,96018.80000000,0.02371
1749263498,0.02344000,24283.30000000,0.02371
1749263498,0.02343000,24251.70000000,0.02371
1749263498,0.02342000,150982.50000000,0.02371
1749263498,0.02341000,106092.40000000,0.02371
1749263498,0.02340000,4331.00000000,0.02371
1749263498,0.02339000,43205.40000000,0.02371
1749263498,0.02338000,193452.10000000,0.02371
1749263498,0.02337000,227112.30000000,0.02371
1749263498,0.02336000,19518.80000000,0.02371
1749263498,0.02335000,1302.80000000,0.02371
1749263498,0.02334000,15818.70000000,0.02371
1749263498,0.02333000,178242.80000000,0.02371
1749263498,0.02332000,764.70000000,0.02371
1749263498,0.02331000,78723.20000000,0.02371
1749263498,0.02330000,93021.10000000,0.02371
1749263498,0.02329000,421.70000000,0.02371
1749263498,0.02328000,4629.70000000,0.02371
1749263498,0.02327000,355713.20000000,0.02371
1749263498,0.02326000,421.70000000,0.02371
1749263498,0.02325000,9456.20000000,0.02371
1749263498,0.02324000,421.70000000,0.02371
1749263498,0.02323000,17563.50000000,0.02371
1749263498,0.02322000,81758.30000000,0.02371
1749263498,0.02321000,5322.40000000,0.02371
1749263498,0.02320000,677.90000000,0.02371
1749263498,0.02319000,119875.40000000,0.02371
1749263498,0.02318000,421.70000000,0.02371
1749263498,0.02317000,1189.70000000,0.02371
1749263498,0.02316000,421.70000000,0.02371
1749263498,0.02315000,10645.80000000,0.02371
1749263498,0.02314000,421.70000000,0.02371
1749263498,0.02313000,7696.30000000,0.02371
1749263498,0.02312000,1303.20000000,0.02371
1749263498,0.02311000,2882.20000000,0.02371
1749263498,0.02310000,56142.10000000,0.02371
1749263498,0.02309000,419.00000000,0.02371
1749263498,0.02308000,419.20000000,0.02371
1749263498,0.02307000,419.40000000,0.02371
1749263498,0.02306000,636.50000000,0.02371
1749263498,0.02305000,1172.50000000,0.02371
1749263498,0.02304000,419.90000000,0.02371
1749263498,0.02303000,868.00000000,0.02371
1749263498,0.02302000,420.20000000,0.02371
1749263498,0.02301000,92417.10000000,0.02371
1749263498,0.02300000,308811.60000000,0.02371
1749263498,0.02299000,1438.10000000,0.02371
1749263498,0.02298000,2197.10000000,0.02371
1749263498,0.02297000,664.90000000,0.02371
1749263498,0.02296000,7884.50000000,0.02371
1749263498,0.02295000,6898.50000000,0.02371
1749263498,0.02294000,1208.30000000,0.02371
1749263498,0.02293000,2927.00000000,0.02371
1749263498,0.02291000,5849.60000000,0.02371
1749263498,0.02290000,11057.80000000,0.02371
1749263498,0.02289000,693.00000000,0.02371
1749263498,0.02288000,6579.20000000,0.02371
1749263498,0.02287000,7175.80000000,0.02371
1749263498,0.02286000,912.20000000,0.02371
1749263498,0.02285000,527.80000000,0.02371
1749263498,0.02284000,28243.30000000,0.02371
1749263498,0.02283000,47162.70000000,0.02371
1749263498,0.02282000,3264.40000000,0.02371
1749263498,0.02281000,263.00000000,0.02371
1749263498,0.02280000,37543.80000000,0.02371
1749263498,0.02278000,23539.80000000,0.02371
1749263498,0.02277000,3513.30000000,0.02371
1749263498,0.02276000,6579.20000000,0.02371
1749263498,0.02275000,3381.80000000,0.02371
1749263498,0.02274000,93031.60000000,0.02371
1749263498,0.02272000,1710.50000000,0.02371
1749263498,0.02271000,643.70000000,0.02371
1749263498,0.02270000,74391.30000000,0.02371
1749263498,0.02269000,934.90000000,0.02371
1749263498,0.02268000,1164.00000000,0.02371
1749263805,0.02371000,380894.40000000,0.02372
1749263805,0.02370000,533443.00000000,0.02372
1749263805,0.02369000,457499.90000000,0.02372
1749263805,0.02368000,475159.00000000,0.02372
1749263805,0.02367000,580342.30000000,0.02372
1749263805,0.02366000,364860.40000000,0.02372
1749263805,0.02365000,281260.80000000,0.02372
1749263805,0.02364000,449215.70000000,0.02372
1749263805,0.02363000,172740.30000000,0.02372
1749263805,0.02362000,760963.50000000,0.02372
1749263805,0.02361000,222227.10000000,0.02372
1749263805,0.02360000,97555.60000000,0.02372
1749263805,0.02359000,461620.20000000,0.02372
1749263805,0.02358000,389052.80000000,0.02372
1749263805,0.02357000,171417.00000000,0.02372
1749263805,0.02356000,538161.90000000,0.02372
1749263805,0.02355000,108329.40000000,0.02372
1749263805,0.02354000,140488.70000000,0.02372
1749263805,0.02353000,97394.30000000,0.02372
1749263805,0.02352000,175988.10000000,0.02372
1749263805,0.02351000,185379.90000000,0.02372
1749263805,0.02350000,129721.70000000,0.02372
1749263805,0.02349000,478069.40000000,0.02372
1749263805,0.02348000,174764.20000000,0.02372
1749263805,0.02347000,306933.20000000,0.02372
1749263805,0.02346000,134398.40000000,0.02372
1749263805,0.02345000,96018.80000000,0.02372
1749263805,0.02344000,24283.30000000,0.02372
1749263805,0.02343000,24251.70000000,0.02372
1749263805,0.02342000,150982.50000000,0.02372
1749263805,0.02341000,106092.40000000,0.02372
1749263805,0.02340000,4331.00000000,0.02372
1749263805,0.02339000,38937.60000000,0.02372
1749263805,0.02338000,35645.10000000,0.02372
1749263805,0.02337000,389258.40000000,0.02372
1749263805,0.02336000,19518.80000000,0.02372
1749263805,0.02335000,1302.80000000,0.02372
1749263805,0.02334000,421.70000000,0.02372
1749263805,0.02333000,71272.40000000,0.02372
1749263805,0.02332000,123191.40000000,0.02372
1749263805,0.02331000,78723.20000000,0.02372
1749263805,0.02330000,93021.10000000,0.02372
1749263805,0.02329000,421.70000000,0.02372
1749263805,0.02328000,4629.70000000,0.02372
1749263805,0.02327000,355713.20000000,0.02372
1749263805,0.02326000,421.70000000,0.02372
1749263805,0.02325000,9456.20000000,0.02372
1749263805,0.02324000,421.70000000,0.02372
1749263805,0.02323000,2093.50000000,0.02372
1749263805,0.02322000,25870.00000000,0.02372
1749263805,0.02321000,76718.00000000,0.02372
1749263805,0.02320000,677.90000000,0.02372
1749263805,0.02319000,119875.40000000,0.02372
1749263805,0.02318000,421.70000000,0.02372
1749263805,0.02317000,1189.70000000,0.02372
1749263805,0.02316000,421.70000000,0.02372
1749263805,0.02315000,10645.80000000,0.02372
1749263805,0.02314000,421.70000000,0.02372
1749263805,0.02313000,7696.30000000,0.02372
1749263805,0.02312000,1303.20000000,0.02372
1749263805,0.02311000,2882.20000000,0.02372
1749263805,0.02310000,56142.10000000,0.02372
1749263805,0.02309000,419.00000000,0.02372
1749263805,0.02308000,419.20000000,0.02372
1749263805,0.02307000,419.40000000,0.02372
1749263805,0.02306000,636.50000000,0.02372
1749263805,0.02305000,1172.50000000,0.02372
1749263805,0.02304000,419.90000000,0.02372
1749263805,0.02303000,868.00000000,0.02372
1749263805,0.02302000,420.20000000,0.02372
1749263805,0.02301000,92417.10000000,0.02372
1749263805,0.02300000,308811.60000000,0.02372
1749263805,0.02299000,1438.10000000,0.02372
1749263805,0.02298000,2197.10000000,0.02372
1749263805,0.02297000,664.90000000,0.02372
1749263805,0.02296000,7884.50000000,0.02372
1749263805,0.02295000,6477.00000000,0.02372
1749263805,0.02294000,1208.30000000,0.02372
1749263805,0.02293000,2927.00000000,0.02372
1749263805,0.02291000,5849.60000000,0.02372
1749263805,0.02290000,11057.80000000,0.02372
1749263805,0.02289000,693.00000000,0.02372
1749263805,0.02288000,6579.20000000,0.02372
1749263805,0.02287000,7175.80000000,0.02372
1749263805,0.02286000,912.20000000,0.02372
1749263805,0.02285000,527.80000000,0.02372
1749263805,0.02284000,28243.30000000,0.02372
1749263805,0.02283000,47162.70000000,0.02372
1749263805,0.02282000,3264.40000000,0.02372
1749263805,0.02281000,263.00000000,0.02372
1749263805,0.02280000,37543.80000000,0.02372
1749263805,0.02278000,23539.80000000,0.02372
1749263805,0.02277000,3513.30000000,0.02372
1749263805,0.02276000,6579.20000000,0.02372
1749263805,0.02275000,3381.80000000,0.02372
1749263805,0.02274000,93031.60000000,0.02372
1749263805,0.02272000,1710.50000000,0.02372
1749263805,0.02271000,643.70000000,0.02372
1749263805,0.02270000,74391.30000000,0.02372
1749263805,0.02269000,934.90000000,0.02372
1749264106,0.02370000,219102.10000000,0.0237
1749264106,0.02369000,589691.90000000,0.0237
1749264106,0.02368000,482990.80000000,0.0237
1749264106,0.02367000,618608.00000000,0.0237
1749264106,0.02366000,535054.30000000,0.0237
1749264106,0.02365000,552453.20000000,0.0237
1749264106,0.02364000,457161.60000000,0.0237
1749264106,0.02363000,164643.30000000,0.0237
1749264106,0.02362000,689254.40000000,0.0237
1749264106,0.02361000,231431.00000000,0.0237
1749264106,0.02360000,349701.60000000,0.0237
1749264106,0.02359000,472681.80000000,0.0237
1749264106,0.02358000,182340.20000000,0.0237
1749264106,0.02357000,106856.40000000,0.0237
1749264106,0.02356000,582081.50000000,0.0237
1749264106,0.02355000,182301.80000000,0.0237
1749264106,0.02354000,140488.70000000,0.0237
1749264106,0.02353000,87515.00000000,0.0237
1749264106,0.02352000,139888.60000000,0.0237
1749264106,0.02351000,203063.60000000,0.0237
1749264106,0.02350000,135848.90000000,0.0237
1749264106,0.02349000,628940.30000000,0.0237
1749264106,0.02348000,82901.50000000,0.0237
1749264106,0.02347000,99054.40000000,0.0237
1749264106,0.02346000,87680.80000000,0.0237
1749264106,0.02345000,72785.20000000,0.0237
1749264106,0.02344000,70777.20000000,0.0237
1749264106,0.02343000,24251.70000000,0.0237
1749264106,0.02342000,79156.00000000,0.0237
1749264106,0.02341000,106092.40000000,0.0237
1749264106,0.02340000,27612.80000000,0.0237
1749264106,0.02339000,38937.60000000,0.0237
1749264106,0.02338000,111864.00000000,0.0237
1749264106,0.02337000,389258.40000000,0.0237
1749264106,0.02336000,19518.80000000,0.0237
1749264106,0.02335000,1302.80000000,0.0237
1749264106,0.02334000,421.70000000,0.0237
1749264106,0.02333000,71272.40000000,0.0237
1749264106,0.02332000,118910.80000000,0.0237
1749264106,0.02331000,2275.40000000,0.0237
1749264106,0.02330000,93021.10000000,0.0237
1749264106,0.02329000,421.70000000,0.0237
1749264106,0.02328000,261004.70000000,0.0237
1749264106,0.02327000,70757.90000000,0.0237
1749264106,0.02326000,4713.40000000,0.0237
1749264106,0.02325000,9456.20000000,0.0237
1749264106,0.02324000,421.70000000,0.0237
1749264106,0.02323000,2093.50000000,0.0237
1749264106,0.02322000,25870.00000000,0.0237
1749264106,0.02321000,72417.10000000,0.0237
1749264106,0.02320000,677.90000000,0.0237
1749264106,0.02319000,119875.40000000,0.0237
1749264106,0.02318000,421.70000000,0.0237
1749264106,0.02317000,1189.70000000,0.0237
1749264106,0.02316000,421.70000000,0.0237
1749264106,0.02315000,10645.80000000,0.0237
1749264106,0.02314000,421.70000000,0.0237
1749264106,0.02313000,7696.30000000,0.0237
1749264106,0.02312000,1303.20000000,0.0237
1749264106,0.02311000,2882.20000000,0.0237
1749264106,0.02310000,56142.10000000,0.0237
1749264106,0.02309000,419.00000000,0.0237
1749264106,0.02308000,419.20000000,0.0237
1749264106,0.02307000,419.40000000,0.0237
1749264106,0.02306000,636.50000000,0.0237
1749264106,0.02305000,1172.50000000,0.0237
1749264106,0.02304000,419.90000000,0.0237
1749264106,0.02303000,868.00000000,0.0237
1749264106,0.02302000,420.20000000,0.0237
1749264106,0.02301000,92417.10000000,0.0237
1749264106,0.02300000,308811.60000000,0.0237
1749264106,0.02299000,1438.10000000,0.0237
1749264106,0.02298000,2197.10000000,0.0237
1749264106,0.02297000,664.90000000,0.0237
1749264106,0.02296000,7884.50000000,0.0237
1749264106,0.02295000,6898.50000000,0.0237
1749264106,0.02294000,1208.30000000,0.0237
1749264106,0.02293000,2927.00000000,0.0237
1749264106,0.02291000,642.40000000,0.0237
1749264106,0.02290000,11057.80000000,0.0237
1749264106,0.02289000,693.00000000,0.0237
1749264106,0.02288000,6579.20000000,0.0237
1749264106,0.02287000,7175.80000000,0.0237
1749264106,0.02286000,912.20000000,0.0237
1749264106,0.02285000,527.80000000,0.0237
1749264106,0.02284000,28243.30000000,0.0237
1749264106,0.02283000,47162.70000000,0.0237
1749264106,0.02282000,3264.40000000,0.0237
1749264106,0.02281000,263.00000000,0.0237
1749264106,0.02280000,37543.80000000,0.0237
1749264106,0.02278000,23539.80000000,0.0237
1749264106,0.02277000,3513.30000000,0.0237
1749264106,0.02276000,6579.20000000,0.0237
1749264106,0.02275000,3381.80000000,0.0237
1749264106,0.02274000,93031.60000000,0.0237
1749264106,0.02272000,1710.50000000,0.0237
1749264106,0.02271000,643.70000000,0.0237
1749264106,0.02270000,74391.30000000,0.0237
1749264106,0.02269000,934.90000000,0.0237
1749264106,0.02268000,1164.00000000,0.0237
1749264413,0.02371000,168070.60000000,0.02371
1749264413,0.02370000,499827.80000000,0.02371
1749264413,0.02369000,482958.20000000,0.02371
1749264413,0.02368000,523604.70000000,0.02371
1749264413,0.02367000,912371.70000000,0.02371
1749264413,0.02366000,210055.60000000,0.02371
1749264413,0.02365000,286990.90000000,0.02371
1749264413,0.02364000,449803.60000000,0.02371
1749264413,0.02363000,537818.60000000,0.02371
1749264413,0.02362000,108989.30000000,0.02371
1749264413,0.02361000,231433.00000000,0.02371
1749264413,0.02360000,377271.60000000,0.02371
1749264413,0.02359000,472681.80000000,0.02371
1749264413,0.02358000,146649.30000000,0.02371
1749264413,0.02357000,171096.20000000,0.02371
1749264413,0.02356000,780983.80000000,0.02371
1749264413,0.02355000,118430.70000000,0.02371
1749264413,0.02354000,87831.90000000,0.02371
1749264413,0.02353000,131358.90000000,0.02371
1749264413,0.02352000,175670.60000000,0.02371
1749264413,0.02351000,203063.60000000,0.02371
1749264413,0.02350000,118413.50000000,0.02371
1749264413,0.02349000,455621.50000000,0.02371
1749264413,0.02348000,264312.20000000,0.02371
1749264413,0.02347000,70428.40000000,0.02371
1749264413,0.02346000,111530.80000000,0.02371
1749264413,0.02345000,24866.00000000,0.02371
1749264413,0.02344000,151366.50000000,0.02371
1749264413,0.02343000,23249.30000000,0.02371
1749264413,0.02342000,102759.40000000,0.02371
1749264413,0.02341000,129294.20000000,0.02371
1749264413,0.02340000,6308.10000000,0.02371
1749264413,0.02339000,108912.90000000,0.02371
1749264413,0.02338000,35645.10000000,0.02371
1749264413,0.02337000,389258.40000000,0.02371
1749264413,0.02336000,66417.80000000,0.02371
1749264413,0.02335000,1302.80000000,0.02371
1749264413,0.02334000,421.70000000,0.02371
1749264413,0.02333000,1117.10000000,0.02371
1749264413,0.02332000,123191.40000000,0.02371
1749264413,0.02331000,78723.20000000,0.02371
1749264413,0.02330000,93021.10000000,0.02371
1749264413,0.02329000,421.70000000,0.02371
1749264413,0.02328000,74935.70000000,0.02371
1749264413,0.02327000,70757.90000000,0.02371
1749264413,0.02326000,421.70000000,0.02371
1749264413,0.02325000,9456.20000000,0.02371
1749264413,0.02324000,421.70000000,0.02371
1749264413,0.02323000,2093.50000000,0.02371
1749264413,0.02322000,282899.80000000,0.02371
1749264413,0.02321000,76718.00000000,0.02371
1749264413,0.02320000,677.90000000,0.02371
1749264413,0.02319000,119875.40000000,0.02371
1749264413,0.02318000,421.70000000,0.02371
1749264413,0.02317000,1189.70000000,0.02371
1749264413,0.02316000,421.70000000,0.02371
1749264413,0.02315000,10645.80000000,0.02371
1749264413,0.02314000,421.70000000,0.02371
1749264413,0.02313000,7696.30000000,0.02371
1749264413,0.02312000,1303.20000000,0.02371
1749264413,0.02311000,2882.20000000,0.02371
1749264413,0.02310000,56142.10000000,0.02371
1749264413,0.02309000,419.00000000,0.02371
1749264413,0.02308000,419.20000000,0.02371
1749264413,0.02307000,419.40000000,0.02371
1749264413,0.02306000,636.50000000,0.02371
1749264413,0.02305000,1172.50000000,0.02371
1749264413,0.02304000,419.90000000,0.02371
1749264413,0.02303000,868.00000000,0.02371
1749264413,0.02302000,420.20000000,0.02371
1749264413,0.02301000,92417.10000000,0.02371
1749264413,0.02300000,308811.60000000,0.02371
1749264413,0.02299000,1438.10000000,0.02371
1749264413,0.02298000,2197.10000000,0.02371
1749264413,0.02297000,664.90000000,0.02371
1749264413,0.02296000,7884.50000000,0.02371
1749264413,0.02295000,6477.00000000,0.02371
1749264413,0.02294000,1208.30000000,0.02371
1749264413,0.02293000,2927.00000000,0.02371
1749264413,0.02291000,642.40000000,0.02371
1749264413,0.02290000,11057.80000000,0.02371
1749264413,0.02289000,693.00000000,0.02371
1749264413,0.02288000,6579.20000000,0.02371
1749264413,0.02287000,7175.80000000,0.02371
1749264413,0.02286000,912.20000000,0.02371
1749264413,0.02285000,527.80000000,0.02371
1749264413,0.02284000,28243.30000000,0.02371
1749264413,0.02283000,47162.70000000,0.02371
1749264413,0.02282000,3264.40000000,0.02371
1749264413,0.02281000,263.00000000,0.02371
1749264413,0.02280000,37543.80000000,0.02371
1749264413,0.02278000,23539.80000000,0.02371
1749264413,0.02277000,3513.30000000,0.02371
1749264413,0.02276000,6579.20000000,0.02371
1749264413,0.02275000,3381.80000000,0.02371
1749264413,0.02274000,93031.60000000,0.02371
1749264413,0.02272000,1710.50000000,0.02371
1749264413,0.02271000,643.70000000,0.02371
1749264413,0.02270000,74391.30000000,0.02371
1749264413,0.02269000,934.90000000,0.02371
1749264715,0.02374000,294062.30000000,0.02375
1749264715,0.02373000,537965.30000000,0.02375
1749264715,0.02372000,499433.30000000,0.02375
1749264715,0.02371000,809469.80000000,0.02375
1749264715,0.02370000,572957.20000000,0.02375
1749264715,0.02369000,262691.90000000,0.02375
1749264715,0.02368000,126198.10000000,0.02375
1749264715,0.02367000,630213.40000000,0.02375
1749264715,0.02366000,147500.90000000,0.02375
1749264715,0.02365000,360132.60000000,0.02375
1749264715,0.02364000,136391.40000000,0.02375
1749264715,0.02363000,455414.00000000,0.02375
1749264715,0.02362000,762630.30000000,0.02375
1749264715,0.02361000,228073.20000000,0.02375
1749264715,0.02360000,161782.70000000,0.02375
1749264715,0.02359000,122133.70000000,0.02375
1749264715,0.02358000,156798.10000000,0.02375
1749264715,0.02357000,97320.50000000,0.02375
1749264715,0.02356000,538161.90000000,0.02375
1749264715,0.02355000,177327.40000000,0.02375
1749264715,0.02354000,87514.70000000,0.02375
1749264715,0.02353000,87515.00000000,0.02375
1749264715,0.02352000,106249.40000000,0.02375
1749264715,0.02351000,203063.60000000,0.02375
1749264715,0.02350000,187547.60000000,0.02375
1749264715,0.02349000,374766.50000000,0.02375
1749264715,0.02348000,187960.40000000,0.02375
1749264715,0.02347000,51772.10000000,0.02375
1749264715,0.02346000,87680.80000000,0.02375
1749264715,0.02345000,70812.30000000,0.02375
1749264715,0.02344000,70777.20000000,0.02375
1749264715,0.02343000,23249.30000000,0.02375
1749264715,0.02342000,259064.40000000,0.02375
1749264715,0.02341000,129294.20000000,0.02375
1749264715,0.02340000,6308.10000000,0.02375
1749264715,0.02339000,38937.60000000,0.02375
1749264715,0.02338000,111864.00000000,0.02375
1749264715,0.02337000,349277.30000000,0.02375
1749264715,0.02336000,66417.80000000,0.02375
1749264715,0.02335000,1302.80000000,0.02375
1749264715,0.02334000,421.70000000,0.02375
1749264715,0.02333000,71272.40000000,0.02375
1749264715,0.02332000,764.70000000,0.02375
1749264715,0.02331000,2275.40000000,0.02375
1749264715,0.02330000,93021.10000000,0.02375
1749264715,0.02329000,421.70000000,0.02375
1749264715,0.02328000,4629.70000000,0.02375
1749264715,0.02327000,327240.90000000,0.02375
1749264715,0.02326000,71663.90000000,0.02375
1749264715,0.02325000,9456.20000000,0.02375
1749264715,0.02324000,421.70000000,0.02375
1749264715,0.02323000,2093.50000000,0.02375
1749264715,0.02322000,25870.00000000,0.02375
1749264715,0.02321000,5322.40000000,0.02375
1749264715,0.02320000,677.90000000,0.02375
1749264715,0.02319000,119875.40000000,0.02375
1749264715,0.02318000,421.70000000,0.02375
1749264715,0.02317000,1189.70000000,0.02375
1749264715,0.02316000,421.70000000,0.02375
1749264715,0.02315000,10645.80000000,0.02375
1749264715,0.02314000,421.70000000,0.02375
1749264715,0.02313000,7696.30000000,0.02375
1749264715,0.02312000,1303.20000000,0.02375
1749264715,0.02311000,2882.20000000,0.02375
1749264715,0.02310000,56142.10000000,0.02375
1749264715,0.02309000,419.00000000,0.02375
1749264715,0.02308000,419.20000000,0.02375
1749264715,0.02307000,419.40000000,0.02375
1749264715,0.02306000,636.50000000,0.02375
1749264715,0.02305000,1172.50000000,0.02375
1749264715,0.02304000,419.90000000,0.02375
1749264715,0.02303000,868.00000000,0.02375
1749264715,0.02302000,420.20000000,0.02375
1749264715,0.02301000,92417.10000000,0.02375
1749264715,0.02300000,308811.60000000,0.02375
1749264715,0.02299000,1438.10000000,0.02375
1749264715,0.02298000,1776.20000000,0.02375
1749264715,0.02297000,243.80000000,0.02375
1749264715,0.02296000,7463.20000000,0.02375
1749264715,0.02295000,6477.00000000,0.02375
1749264715,0.02294000,1208.30000000,0.02375
1749264715,0.02293000,2927.00000000,0.02375
1749264715,0.02291000,380.50000000,0.02375
1749264715,0.02290000,11057.80000000,0.02375
1749264715,0.02289000,693.00000000,0.02375
1749264715,0.02288000,6579.20000000,0.02375
1749264715,0.02287000,7175.80000000,0.02375
1749264715,0.02286000,912.20000000,0.02375
1749264715,0.02285000,527.80000000,0.02375
1749264715,0.02284000,28243.30000000,0.02375
1749264715,0.02283000,47162.70000000,0.02375
1749264715,0.02282000,3264.40000000,0.02375
1749264715,0.02281000,263.00000000,0.02375
1749264715,0.02280000,37543.80000000,0.02375
1749264715,0.02278000,23539.80000000,0.02375
1749264715,0.02277000,3513.30000000,0.02375
1749264715,0.02276000,6579.20000000,0.02375
1749264715,0.02275000,3381.80000000,0.02375
1749264715,0.02274000,93031.60000000,0.02375
1749264715,0.02272000,1710.50000000,0.02375
1749265016,0.02381000,221045.80000000,0.02381
1749265016,0.02380000,504292.40000000,0.02381
1749265016,0.02379000,567381.20000000,0.02381
1749265016,0.02378000,703240.40000000,0.02381
1749265016,0.02377000,642548.60000000,0.02381
1749265016,0.02376000,611033.80000000,0.02381
1749265016,0.02375000,219034.90000000,0.02381
1749265016,0.02374000,146845.90000000,0.02381
1749265016,0.02373000,545303.40000000,0.02381
1749265016,0.02372000,163176.90000000,0.02381
1749265016,0.02371000,145876.50000000,0.02381
1749265016,0.02370000,559801.00000000,0.02381
1749265016,0.02369000,180823.30000000,0.02381
1749265016,0.02368000,391527.90000000,0.02381
1749265016,0.02367000,108206.20000000,0.02381
1749265016,0.02366000,152120.10000000,0.02381
1749265016,0.02365000,460975.40000000,0.02381
1749265016,0.02364000,107220.10000000,0.02381
1749265016,0.02363000,105052.30000000,0.02381
1749265016,0.02362000,87936.00000000,0.02381
1749265016,0.02361000,123262.50000000,0.02381
1749265016,0.02360000,556347.80000000,0.02381
1749265016,0.02359000,133307.70000000,0.02381
1749265016,0.02358000,237816.90000000,0.02381
1749265016,0.02357000,470262.00000000,0.02381
1749265016,0.02356000,253713.20000000,0.02381
1749265016,0.02355000,2995.80000000,0.02381
1749265016,0.02354000,75656.60000000,0.02381
1749265016,0.02353000,23826.70000000,0.02381
1749265016,0.02352000,76499.20000000,0.02381
1749265016,0.02351000,83376.90000000,0.02381
1749265016,0.02350000,1935.60000000,0.02381
1749265016,0.02349000,81111.00000000,0.02381
1749265016,0.02348000,83686.70000000,0.02381
1749265016,0.02347000,57135.10000000,0.02381
1749265016,0.02346000,89652.90000000,0.02381
1749265016,0.02345000,271884.00000000,0.02381
1749265016,0.02344000,28542.00000000,0.02381
1749265016,0.02343000,87919.60000000,0.02381
1749265016,0.02342000,73770.50000000,0.02381
1749265016,0.02341000,1414.90000000,0.02381
1749265016,0.02340000,121755.20000000,0.02381
1749265016,0.02339000,912.80000000,0.02381
1749265016,0.02338000,7000.90000000,0.02381
1749265016,0.02337000,482200.60000000,0.02381
1749265016,0.02336000,2054.60000000,0.02381
1749265016,0.02335000,1302.80000000,0.02381
1749265016,0.02334000,421.70000000,0.02381
1749265016,0.02333000,71272.40000000,0.02381
1749265016,0.02332000,5045.30000000,0.02381
1749265016,0.02331000,2275.40000000,0.02381
1749265016,0.02330000,93021.10000000,0.02381
1749265016,0.02329000,421.70000000,0.02381
1749265016,0.02328000,71522.50000000,0.02381
1749265016,0.02327000,421.70000000,0.02381
1749265016,0.02326000,421.70000000,0.02381
1749265016,0.02325000,9456.20000000,0.02381
1749265016,0.02324000,421.70000000,0.02381
1749265016,0.02323000,2093.50000000,0.02381
1749265016,0.02322000,34397.10000000,0.02381
1749265016,0.02321000,5322.40000000,0.02381
1749265016,0.02320000,677.90000000,0.02381
1749265016,0.02319000,119875.40000000,0.02381
1749265016,0.02318000,421.70000000,0.02381
1749265016,0.02317000,1189.70000000,0.02381
1749265016,0.02316000,421.70000000,0.02381
1749265016,0.02315000,2021.60000000,0.02381
1749265016,0.02314000,421.70000000,0.02381
1749265016,0.02313000,7696.30000000,0.02381
1749265016,0.02312000,1303.20000000,0.02381
1749265016,0.02311000,2882.20000000,0.02381
1749265016,0.02310000,56142.10000000,0.02381
1749265016,0.02309000,419.00000000,0.02381
1749265016,0.02308000,419.20000000,0.02381
1749265016,0.02307000,419.40000000,0.02381
1749265016,0.02306000,636.50000000,0.02381
1749265016,0.02305000,752.80000000,0.02381
1749265016,0.02303000,447.90000000,0.02381
1749265016,0.02301000,91996.70000000,0.02381
1749265016,0.02300000,308390.80000000,0.02381
1749265016,0.02299000,1017.30000000,0.02381
1749265016,0.02298000,1776.20000000,0.02381
1749265016,0.02297000,243.80000000,0.02381
1749265016,0.02296000,7463.20000000,0.02381
1749265016,0.02295000,6477.00000000,0.02381
1749265016,0.02294000,1208.30000000,0.02381
1749265016,0.02293000,2927.00000000,0.02381
1749265016,0.02291000,380.50000000,0.02381
1749265016,0.02290000,11057.80000000,0.02381
1749265016,0.02289000,693.00000000,0.02381
1749265016,0.02288000,6579.20000000,0.02381
1749265016,0.02287000,7175.80000000,0.02381
1749265016,0.02286000,912.20000000,0.02381
1749265016,0.02285000,527.80000000,0.02381
1749265016,0.02284000,28243.30000000,0.02381
1749265016,0.02283000,47162.70000000,0.02381
1749265016,0.02282000,3264.40000000,0.02381
1749265016,0.02281000,263.00000000,0.02381
1749265016,0.02280000,37543.80000000,0.02381
1749265016,0.02278000,23539.80000000,0.02381
1749265318,0.02378000,226850.70000000,0.02379
1749265318,0.02377000,563868.00000000,0.02379
1749265318,0.02376000,659358.20000000,0.02379
1749265318,0.02375000,682426.10000000,0.02379
1749265318,0.02374000,507937.80000000,0.02379
1749265318,0.02373000,395241.10000000,0.02379
1749265318,0.02372000,416327.60000000,0.02379
1749265318,0.02371000,133594.70000000,0.02379
1749265318,0.02370000,404916.10000000,0.02379
1749265318,0.02369000,430469.80000000,0.02379
1749265318,0.02368000,481254.30000000,0.02379
1749265318,0.02367000,348665.70000000,0.02379
1749265318,0.02366000,161435.70000000,0.02379
1749265318,0.02365000,106267.40000000,0.02379
1749265318,0.02364000,538106.10000000,0.02379
1749265318,0.02363000,178777.90000000,0.02379
1749265318,0.02362000,122170.50000000,0.02379
1749265318,0.02361000,142880.20000000,0.02379
1749265318,0.02360000,87645.80000000,0.02379
1749265318,0.02359000,110551.00000000,0.02379
1749265318,0.02358000,289372.00000000,0.02379
1749265318,0.02357000,470262.00000000,0.02379
1749265318,0.02356000,227087.60000000,0.02379
1749265318,0.02355000,2995.80000000,0.02379
1749265318,0.02354000,46849.80000000,0.02379
1749265318,0.02353000,70491.50000000,0.02379
1749265318,0.02352000,103928.50000000,0.02379
1749265318,0.02351000,107044.10000000,0.02379
1749265318,0.02350000,24373.90000000,0.02379
1749265318,0.02349000,76861.40000000,0.02379
1749265318,0.02348000,83686.70000000,0.02379
1749265318,0.02347000,207531.70000000,0.02379
1749265318,0.02346000,100716.20000000,0.02379
1749265318,0.02345000,114548.00000000,0.02379
1749265318,0.02344000,24283.30000000,0.02379
1749265318,0.02343000,87919.60000000,0.02379
1749265318,0.02342000,182887.30000000,0.02379
1749265318,0.02341000,14207.50000000,0.02379
1749265318,0.02340000,421.70000000,0.02379
1749265318,0.02339000,912.80000000,0.02379
1749265318,0.02338000,7000.90000000,0.02379
1749265318,0.02337000,482200.60000000,0.02379
1749265318,0.02336000,2054.60000000,0.02379
1749265318,0.02335000,1302.80000000,0.02379
1749265318,0.02334000,421.70000000,0.02379
1749265318,0.02333000,71272.40000000,0.02379
1749265318,0.02332000,764.70000000,0.02379
1749265318,0.02331000,2275.40000000,0.02379
1749265318,0.02330000,151287.70000000,0.02379
1749265318,0.02329000,13280.10000000,0.02379
1749265318,0.02328000,4629.70000000,0.02379
1749265318,0.02327000,421.70000000,0.02379
1749265318,0.02326000,421.70000000,0.02379
1749265318,0.02325000,9456.20000000,0.02379
1749265318,0.02324000,421.70000000,0.02379
1749265318,0.02323000,2093.50000000,0.02379
1749265318,0.02322000,34397.10000000,0.02379
1749265318,0.02321000,5322.40000000,0.02379
1749265318,0.02320000,677.90000000,0.02379
1749265318,0.02319000,119875.40000000,0.02379
1749265318,0.02318000,421.70000000,0.02379
1749265318,0.02317000,1189.70000000,0.02379
1749265318,0.02316000,421.70000000,0.02379
1749265318,0.02315000,2021.60000000,0.02379
1749265318,0.02314000,421.70000000,0.02379
1749265318,0.02313000,7696.30000000,0.02379
1749265318,0.02312000,1303.20000000,0.02379
1749265318,0.02311000,2882.20000000,0.02379
1749265318,0.02310000,56142.10000000,0.02379
1749265318,0.02309000,419.00000000,0.02379
1749265318,0.02308000,419.20000000,0.02379
1749265318,0.02307000,419.40000000,0.02379
1749265318,0.02306000,636.50000000,0.02379
1749265318,0.02305000,1172.50000000,0.02379
1749265318,0.02304000,419.90000000,0.02379
1749265318,0.02303000,868.00000000,0.02379
1749265318,0.02301000,91996.70000000,0.02379
1749265318,0.02300000,308390.80000000,0.02379
1749265318,0.02299000,1017.30000000,0.02379
1749265318,0.02298000,1776.20000000,0.02379
1749265318,0.02297000,243.80000000,0.02379
1749265318,0.02296000,7463.20000000,0.02379
1749265318,0.02295000,6477.00000000,0.02379
1749265318,0.02294000,1208.30000000,0.02379
1749265318,0.02293000,2927.00000000,0.02379
1749265318,0.02291000,380.50000000,0.02379
1749265318,0.02290000,11057.80000000,0.02379
1749265318,0.02289000,693.00000000,0.02379
1749265318,0.02288000,6579.20000000,0.02379
1749265318,0.02287000,7175.80000000,0.02379
1749265318,0.02286000,912.20000000,0.02379
1749265318,0.02285000,527.80000000,0.02379
1749265318,0.02284000,28243.30000000,0.02379
1749265318,0.02283000,47162.70000000,0.02379
1749265318,0.02282000,3264.40000000,0.02379
1749265318,0.02281000,263.00000000,0.02379
1749265318,0.02280000,37543.80000000,0.02379
1749265318,0.02278000,23539.80000000,0.02379
1749265318,0.02277000,3513.30000000,0.02379
1749265318,0.02276000,6579.20000000,0.02379
1749265619,0.02383000,406217.30000000,0.02384
1749265619,0.02382000,589054.80000000,0.02384
1749265619,0.02381000,479702.80000000,0.02384
1749265619,0.02380000,596768.40000000,0.02384
1749265619,0.02379000,615576.70000000,0.02384
1749265619,0.02378000,276136.50000000,0.02384
1749265619,0.02377000,144318.10000000,0.02384
1749265619,0.02376000,193625.80000000,0.02384
1749265619,0.02375000,504623.10000000,0.02384
1749265619,0.02374000,272354.10000000,0.02384
1749265619,0.02373000,326209.30000000,0.02384
1749265619,0.02372000,680397.70000000,0.02384
1749265619,0.02371000,117456.10000000,0.02384
1749265619,0.02370000,185627.60000000,0.02384
1749265619,0.02369000,161232.60000000,0.02384
1749265619,0.02368000,452096.70000000,0.02384
1749265619,0.02367000,107194.50000000,0.02384
1749265619,0.02366000,97175.90000000,0.02384
1749265619,0.02365000,149037.80000000,0.02384
1749265619,0.02364000,538106.10000000,0.02384
1749265619,0.02363000,163706.60000000,0.02384
1749265619,0.02362000,157554.50000000,0.02384
1749265619,0.02361000,87618.90000000,0.02384
1749265619,0.02360000,163154.20000000,0.02384
1749265619,0.02359000,93972.90000000,0.02384
1749265619,0.02358000,225971.30000000,0.02384
1749265619,0.02357000,374509.10000000,0.02384
1749265619,0.02356000,103559.20000000,0.02384
1749265619,0.02355000,2141.40000000,0.02384
1749265619,0.02354000,95658.80000000,0.02384
1749265619,0.02353000,23826.70000000,0.02384
1749265619,0.02352000,149783.70000000,0.02384
1749265619,0.02351000,43001.10000000,0.02384
1749265619,0.02350000,3619.20000000,0.02384
1749265619,0.02349000,77316.90000000,0.02384
1749265619,0.02348000,83397.10000000,0.02384
1749265619,0.02347000,82560.20000000,0.02384
1749265619,0.02346000,87680.80000000,0.02384
1749265619,0.02345000,77007.40000000,0.02384
1749265619,0.02344000,24283.30000000,0.02384
1749265619,0.02343000,87602.20000000,0.02384
1749265619,0.02342000,421.70000000,0.02384
1749265619,0.02341000,1414.90000000,0.02384
1749265619,0.02340000,421.70000000,0.02384
1749265619,0.02339000,912.80000000,0.02384
1749265619,0.02338000,77006.10000000,0.02384
1749265619,0.02337000,482200.60000000,0.02384
1749265619,0.02336000,2054.60000000,0.02384
1749265619,0.02335000,72270.20000000,0.02384
1749265619,0.02334000,421.70000000,0.02384
1749265619,0.02333000,1117.10000000,0.02384
1749265619,0.02332000,764.70000000,0.02384
1749265619,0.02331000,2275.40000000,0.02384
1749265619,0.02330000,93021.10000000,0.02384
1749265619,0.02329000,421.70000000,0.02384
1749265619,0.02328000,4629.70000000,0.02384
1749265619,0.02327000,421.70000000,0.02384
1749265619,0.02326000,9005.10000000,0.02384
1749265619,0.02325000,9456.20000000,0.02384
1749265619,0.02324000,421.70000000,0.02384
1749265619,0.02323000,2093.50000000,0.02384
1749265619,0.02322000,25870.00000000,0.02384
1749265619,0.02321000,5322.40000000,0.02384
1749265619,0.02320000,677.90000000,0.02384
1749265619,0.02319000,119875.40000000,0.02384
1749265619,0.02318000,421.70000000,0.02384
1749265619,0.02317000,1189.70000000,0.02384
1749265619,0.02316000,421.70000000,0.02384
1749265619,0.02315000,2021.60000000,0.02384
1749265619,0.02314000,421.70000000,0.02384
1749265619,0.02313000,7696.30000000,0.02384
1749265619,0.02312000,1303.20000000,0.02384
1749265619,0.02311000,2882.20000000,0.02384
1749265619,0.02310000,56142.10000000,0.02384
1749265619,0.02309000,419.00000000,0.02384
1749265619,0.02308000,419.20000000,0.02384
1749265619,0.02306000,217.00000000,0.02384
1749265619,0.02305000,752.80000000,0.02384
1749265619,0.02303000,447.90000000,0.02384
1749265619,0.02301000,91996.70000000,0.02384
1749265619,0.02300000,308390.80000000,0.02384
1749265619,0.02299000,3446.90000000,0.02384
1749265619,0.02298000,1776.20000000,0.02384
1749265619,0.02297000,243.80000000,0.02384
1749265619,0.02296000,7463.20000000,0.02384
1749265619,0.02295000,6477.00000000,0.02384
1749265619,0.02294000,1208.30000000,0.02384
1749265619,0.02293000,491.10000000,0.02384
1749265619,0.02291000,380.50000000,0.02384
1749265619,0.02290000,11057.80000000,0.02384
1749265619,0.02289000,693.00000000,0.02384
1749265619,0.02288000,6579.20000000,0.02384
1749265619,0.02287000,7175.80000000,0.02384
1749265619,0.02286000,912.20000000,0.02384
1749265619,0.02285000,527.80000000,0.02384
1749265619,0.02284000,28243.30000000,0.02384
1749265619,0.02283000,47162.70000000,0.02384
1749265619,0.02282000,3264.40000000,0.02384
1749265619,0.02281000,263.00000000,0.02384
1749265619,0.02280000,37771.80000000,0.02384
1749265921,0.02386000,88260.10000000,0.02387
1749265921,0.02385000,562380.00000000,0.02387
1749265921,0.02384000,350411.60000000,0.02387
1749265921,0.02383000,530756.70000000,0.02387
1749265921,0.02382000,424643.30000000,0.02387
1749265921,0.02381000,663002.30000000,0.02387
1749265921,0.02380000,328578.00000000,0.02387
1749265921,0.02379000,263235.40000000,0.02387
1749265921,0.02378000,170321.60000000,0.02387
1749265921,0.02377000,466226.10000000,0.02387
1749265921,0.02376000,370500.70000000,0.02387
1749265921,0.02375000,126386.10000000,0.02387
1749265921,0.02374000,386312.90000000,0.02387
1749265921,0.02373000,206186.50000000,0.02387
1749265921,0.02372000,87639.50000000,0.02387
1749265921,0.02371000,774266.50000000,0.02387
1749265921,0.02370000,180681.30000000,0.02387
1749265921,0.02369000,87693.70000000,0.02387
1749265921,0.02368000,537998.20000000,0.02387
1749265921,0.02367000,87774.10000000,0.02387
1749265921,0.02366000,87800.90000000,0.02387
1749265921,0.02365000,167275.00000000,0.02387
1749265921,0.02364000,87538.00000000,0.02387
1749265921,0.02363000,313692.30000000,0.02387
1749265921,0.02362000,162973.50000000,0.02387
1749265921,0.02361000,24590.80000000,0.02387
1749265921,0.02360000,122299.70000000,0.02387
1749265921,0.02359000,201862.20000000,0.02387
1749265921,0.02358000,23103.70000000,0.02387
1749265921,0.02357000,425560.20000000,0.02387
1749265921,0.02356000,23380.40000000,0.02387
1749265921,0.02355000,2141.40000000,0.02387
1749265921,0.02354000,96541.70000000,0.02387
1749265921,0.02353000,94077.40000000,0.02387
1749265921,0.02352000,70479.30000000,0.02387
1749265921,0.02351000,92584.20000000,0.02387
1749265921,0.02350000,230209.40000000,0.02387
1749265921,0.02349000,175196.30000000,0.02387
1749265921,0.02348000,128222.20000000,0.02387
1749265921,0.02347000,50080.80000000,0.02387
1749265921,0.02346000,91935.90000000,0.02387
1749265921,0.02345000,76690.30000000,0.02387
1749265921,0.02344000,23966.10000000,0.02387
1749265921,0.02343000,426.50000000,0.02387
1749265921,0.02342000,421.70000000,0.02387
1749265921,0.02341000,1414.90000000,0.02387
1749265921,0.02340000,421.70000000,0.02387
1749265921,0.02339000,912.80000000,0.02387
1749265921,0.02338000,77006.10000000,0.02387
1749265921,0.02337000,255828.20000000,0.02387
1749265921,0.02336000,2054.60000000,0.02387
1749265921,0.02335000,67995.10000000,0.02387
1749265921,0.02334000,4698.60000000,0.02387
1749265921,0.02333000,1117.10000000,0.02387
1749265921,0.02332000,764.70000000,0.02387
1749265921,0.02331000,2275.40000000,0.02387
1749265921,0.02330000,93021.10000000,0.02387
1749265921,0.02329000,421.70000000,0.02387
1749265921,0.02328000,4629.70000000,0.02387
1749265921,0.02327000,421.70000000,0.02387
1749265921,0.02326000,9005.10000000,0.02387
1749265921,0.02325000,9456.20000000,0.02387
1749265921,0.02324000,421.70000000,0.02387
1749265921,0.02323000,2093.50000000,0.02387
1749265921,0.02322000,25870.00000000,0.02387
1749265921,0.02321000,5322.40000000,0.02387
1749265921,0.02320000,677.90000000,0.02387
1749265921,0.02319000,119875.40000000,0.02387
1749265921,0.02318000,421.70000000,0.02387
1749265921,0.02317000,1189.70000000,0.02387
1749265921,0.02316000,421.70000000,0.02387
1749265921,0.02315000,2021.60000000,0.02387
1749265921,0.02314000,421.70000000,0.02387
1749265921,0.02313000,7696.30000000,0.02387
1749265921,0.02312000,1303.20000000,0.02387
1749265921,0.02311000,2882.20000000,0.02387
1749265921,0.02310000,55723.30000000,0.02387
1749265921,0.02306000,217.00000000,0.02387
1749265921,0.02305000,752.80000000,0.02387
1749265921,0.02303000,447.90000000,0.02387
1749265921,0.02301000,91996.70000000,0.02387
1749265921,0.02300000,308390.80000000,0.02387
1749265921,0.02299000,3446.90000000,0.02387
1749265921,0.02298000,1776.20000000,0.02387
1749265921,0.02297000,243.80000000,0.02387
1749265921,0.02296000,7463.20000000,0.02387
1749265921,0.02295000,6477.00000000,0.02387
1749265921,0.02294000,1208.30000000,0.02387
1749265921,0.02293000,491.10000000,0.02387
1749265921,0.02291000,380.50000000,0.02387
1749265921,0.02290000,11057.80000000,0.02387
1749265921,0.02289000,693.00000000,0.02387
1749265921,0.02288000,6579.20000000,0.02387
1749265921,0.02287000,7175.80000000,0.02387
1749265921,0.02286000,912.20000000,0.02387
1749265921,0.02285000,527.80000000,0.02387
1749265921,0.02284000,28243.30000000,0.02387
1749265921,0.02283000,47162.70000000,0.02387
1749265921,0.02282000,3264.40000000,0.02387
1749265921,0.02281000,263.00000000,0.02387
1749266223,0.02389000,368761.30000000,0.0239
1749266223,0.02388000,657506.40000000,0.0239
1749266223,0.02387000,517644.00000000,0.0239
1749266223,0.02386000,814006.80000000,0.0239
1749266223,0.02385000,492199.20000000,0.0239
1749266223,0.02384000,264004.90000000,0.0239
1749266223,0.02383000,169595.00000000,0.0239
1749266223,0.02382000,465129.40000000,0.0239
1749266223,0.02381000,211013.60000000,0.0239
1749266223,0.02380000,278794.50000000,0.0239
1749266223,0.02379000,336850.30000000,0.0239
1749266223,0.02378000,645188.30000000,0.0239
1749266223,0.02377000,117732.50000000,0.0239
1749266223,0.02376000,95302.90000000,0.0239
1749266223,0.02375000,158903.70000000,0.0239
1749266223,0.02374000,525319.40000000,0.0239
1749266223,0.02373000,180835.60000000,0.0239
1749266223,0.02372000,537890.50000000,0.0239
1749266223,0.02371000,121716.70000000,0.0239
1749266223,0.02370000,219432.40000000,0.0239
1749266223,0.02369000,87377.30000000,0.0239
1749266223,0.02368000,129914.40000000,0.0239
1749266223,0.02367000,120152.30000000,0.0239
1749266223,0.02366000,317834.40000000,0.0239
1749266223,0.02365000,536723.10000000,0.0239
1749266223,0.02364000,47408.20000000,0.0239
1749266223,0.02363000,32360.90000000,0.0239
1749266223,0.02362000,98063.50000000,0.0239
1749266223,0.02361000,740.80000000,0.0239
1749266223,0.02360000,99330.30000000,0.0239
1749266223,0.02359000,24246.40000000,0.0239
1749266223,0.02358000,741.50000000,0.0239
1749266223,0.02357000,92624.50000000,0.0239
1749266223,0.02356000,147259.60000000,0.0239
1749266223,0.02355000,129522.50000000,0.0239
1749266223,0.02354000,96802.70000000,0.0239
1749266223,0.02353000,743.30000000,0.0239
1749266223,0.02352000,91818.60000000,0.0239
1749266223,0.02351000,170617.30000000,0.0239
1749266223,0.02350000,228525.80000000,0.0239
1749266223,0.02349000,1135.80000000,0.0239
1749266223,0.02348000,36418.50000000,0.0239
1749266223,0.02347000,425.80000000,0.0239
1749266223,0.02346000,87363.80000000,0.0239
1749266223,0.02345000,698.90000000,0.0239
1749266223,0.02344000,337899.20000000,0.0239
1749266223,0.02343000,70282.30000000,0.0239
1749266223,0.02342000,421.70000000,0.0239
1749266223,0.02341000,1414.90000000,0.0239
1749266223,0.02340000,11513.30000000,0.0239
1749266223,0.02339000,60662.60000000,0.0239
1749266223,0.02338000,7000.90000000,0.0239
1749266223,0.02337000,421.70000000,0.0239
1749266223,0.02336000,2054.60000000,0.0239
1749266223,0.02335000,1302.80000000,0.0239
1749266223,0.02334000,8904.90000000,0.0239
1749266223,0.02333000,1117.10000000,0.0239
1749266223,0.02332000,764.70000000,0.0239
1749266223,0.02331000,2275.40000000,0.0239
1749266223,0.02330000,93021.10000000,0.0239
1749266223,0.02329000,421.70000000,0.0239
1749266223,0.02328000,4629.70000000,0.0239
1749266223,0.02327000,421.70000000,0.0239
1749266223,0.02326000,421.70000000,0.0239
1749266223,0.02325000,9456.20000000,0.0239
1749266223,0.02324000,421.70000000,0.0239
1749266223,0.02323000,2093.50000000,0.0239
1749266223,0.02322000,25870.00000000,0.0239
1749266223,0.02321000,5322.40000000,0.0239
1749266223,0.02320000,677.90000000,0.0239
1749266223,0.02319000,119875.40000000,0.0239
1749266223,0.02318000,421.70000000,0.0239
1749266223,0.02317000,1189.70000000,0.0239
1749266223,0.02316000,421.70000000,0.0239
1749266223,0.02315000,2021.60000000,0.0239
1749266223,0.02314000,418.10000000,0.0239
1749266223,0.02313000,7274.60000000,0.0239
1749266223,0.02312000,884.70000000,0.0239
1749266223,0.02311000,2463.50000000,0.0239
1749266223,0.02310000,55723.30000000,0.0239
1749266223,0.02306000,217.00000000,0.0239
1749266223,0.02305000,752.80000000,0.0239
1749266223,0.02303000,447.90000000,0.0239
1749266223,0.02301000,91996.70000000,0.0239
1749266223,0.02300000,313620.80000000,0.0239
1749266223,0.02299000,3446.90000000,0.0239
1749266223,0.02298000,1776.20000000,0.0239
1749266223,0.02297000,243.80000000,0.0239
1749266223,0.02296000,1191.40000000,0.0239
1749266223,0.02295000,6477.00000000,0.0239
1749266223,0.02294000,1208.30000000,0.0239
1749266223,0.02293000,491.10000000,0.0239
1749266223,0.02291000,380.50000000,0.0239
1749266223,0.02290000,11057.80000000,0.0239
1749266223,0.02289000,693.00000000,0.0239
1749266223,0.02288000,6579.20000000,0.0239
1749266223,0.02287000,7175.80000000,0.0239
1749266223,0.02286000,912.20000000,0.0239
1749266223,0.02285000,527.80000000,0.0239
1749266223,0.02284000,28243.30000000,0.0239
1749266524,0.02383000,21631.80000000,0.02384
1749266524,0.02382000,622392.20000000,0.02384
1749266524,0.02381000,554935.10000000,0.02384
1749266524,0.02380000,860707.40000000,0.02384
1749266524,0.02379000,494095.80000000,0.02384
1749266524,0.02378000,545520.00000000,0.02384
1749266524,0.02377000,173138.70000000,0.02384
1749266524,0.02376000,98794.70000000,0.02384
1749266524,0.02375000,439338.20000000,0.02384
1749266524,0.02374000,451935.40000000,0.02384
1749266524,0.02373000,120050.70000000,0.02384
1749266524,0.02372000,537890.50000000,0.02384
1749266524,0.02371000,430676.60000000,0.02384
1749266524,0.02370000,197257.60000000,0.02384
1749266524,0.02369000,149208.90000000,0.02384
1749266524,0.02368000,161000.60000000,0.02384
1749266524,0.02367000,173953.70000000,0.02384
1749266524,0.02366000,111023.90000000,0.02384
1749266524,0.02365000,383330.90000000,0.02384
1749266524,0.02364000,76527.90000000,0.02384
1749266524,0.02363000,32360.90000000,0.02384
1749266524,0.02362000,94966.00000000,0.02384
1749266524,0.02361000,740.80000000,0.02384
1749266524,0.02360000,307434.00000000,0.02384
1749266524,0.02359000,201878.60000000,0.02384
1749266524,0.02358000,46953.70000000,0.02384
1749266524,0.02357000,169637.40000000,0.02384
1749266524,0.02356000,101426.80000000,0.02384
1749266524,0.02355000,58342.30000000,0.02384
1749266524,0.02354000,23882.70000000,0.02384
1749266524,0.02353000,743.30000000,0.02384
1749266524,0.02352000,237651.30000000,0.02384
1749266524,0.02351000,66433.80000000,0.02384
1749266524,0.02350000,298628.90000000,0.02384
1749266524,0.02349000,2364.90000000,0.02384
1749266524,0.02348000,59879.00000000,0.02384
1749266524,0.02347000,117816.90000000,0.02384
1749266524,0.02346000,87363.80000000,0.02384
1749266524,0.02345000,698.90000000,0.02384
1749266524,0.02344000,23966.10000000,0.02384
1749266524,0.02343000,70282.30000000,0.02384
1749266524,0.02342000,421.70000000,0.02384
1749266524,0.02341000,1414.90000000,0.02384
1749266524,0.02340000,421.70000000,0.02384
1749266524,0.02339000,319786.90000000,0.02384
1749266524,0.02338000,10850.40000000,0.02384
1749266524,0.02337000,421.70000000,0.02384
1749266524,0.02336000,2054.60000000,0.02384
1749266524,0.02335000,67995.10000000,0.02384
1749266524,0.02334000,8904.90000000,0.02384
1749266524,0.02333000,1117.10000000,0.02384
1749266524,0.02332000,764.70000000,0.02384
1749266524,0.02331000,2275.40000000,0.02384
1749266524,0.02330000,93021.10000000,0.02384
1749266524,0.02329000,421.70000000,0.02384
1749266524,0.02328000,4629.70000000,0.02384
1749266524,0.02327000,421.70000000,0.02384
1749266524,0.02326000,421.70000000,0.02384
1749266524,0.02325000,9456.20000000,0.02384
1749266524,0.02324000,421.70000000,0.02384
1749266524,0.02323000,2093.50000000,0.02384
1749266524,0.02322000,25870.00000000,0.02384
1749266524,0.02321000,5322.40000000,0.02384
1749266524,0.02320000,677.90000000,0.02384
1749266524,0.02319000,119875.40000000,0.02384
1749266524,0.02318000,421.70000000,0.02384
1749266524,0.02317000,1189.70000000,0.02384
1749266524,0.02316000,421.70000000,0.02384
1749266524,0.02315000,2021.60000000,0.02384
1749266524,0.02314000,418.10000000,0.02384
1749266524,0.02313000,7692.90000000,0.02384
1749266524,0.02312000,1303.20000000,0.02384
1749266524,0.02311000,2882.20000000,0.02384
1749266524,0.02310000,56142.10000000,0.02384
1749266524,0.02309000,419.20000000,0.02384
1749266524,0.02308000,419.20000000,0.02384
1749266524,0.02306000,217.00000000,0.02384
1749266524,0.02305000,752.80000000,0.02384
1749266524,0.02303000,447.90000000,0.02384
1749266524,0.02301000,91996.70000000,0.02384
1749266524,0.02300000,313620.80000000,0.02384
1749266524,0.02299000,3446.90000000,0.02384
1749266524,0.02298000,1776.20000000,0.02384
1749266524,0.02297000,243.80000000,0.02384
1749266524,0.02296000,1191.40000000,0.02384
1749266524,0.02295000,6477.00000000,0.02384
1749266524,0.02294000,1208.30000000,0.02384
1749266524,0.02293000,491.10000000,0.02384
1749266524,0.02291000,380.50000000,0.02384
1749266524,0.02290000,11057.80000000,0.02384
1749266524,0.02289000,693.00000000,0.02384
1749266524,0.02288000,6579.20000000,0.02384
1749266524,0.02287000,7175.80000000,0.02384
1749266524,0.02286000,912.20000000,0.02384
1749266524,0.02285000,527.80000000,0.02384
1749266524,0.02284000,28243.30000000,0.02384
1749266524,0.02283000,47162.70000000,0.02384
1749266524,0.02282000,3264.40000000,0.02384
1749266524,0.02281000,263.00000000,0.02384
1749266524,0.02280000,37771.80000000,0.02384
1749266826,0.02389000,349145.90000000,0.02389
1749266826,0.02388000,618345.00000000,0.02389
1749266826,0.02387000,488768.80000000,0.02389
1749266826,0.02386000,541991.60000000,0.02389
1749266826,0.02385000,336024.40000000,0.02389
1749266826,0.02384000,539130.90000000,0.02389
1749266826,0.02383000,168321.60000000,0.02389
1749266826,0.02382000,172717.60000000,0.02389
1749266826,0.02381000,473399.60000000,0.02389
1749266826,0.02380000,358928.80000000,0.02389
1749266826,0.02379000,110902.60000000,0.02389
1749266826,0.02378000,357121.40000000,0.02389
1749266826,0.02377000,710111.20000000,0.02389
1749266826,0.02376000,95302.90000000,0.02389
1749266826,0.02375000,172326.30000000,0.02389
1749266826,0.02374000,194982.00000000,0.02389
1749266826,0.02373000,116871.50000000,0.02389
1749266826,0.02372000,537890.50000000,0.02389
1749266826,0.02371000,87350.30000000,0.02389
1749266826,0.02370000,196941.30000000,0.02389
1749266826,0.02369000,139700.70000000,0.02389
1749266826,0.02368000,178310.10000000,0.02389
1749266826,0.02367000,120152.30000000,0.02389
1749266826,0.02366000,104139.10000000,0.02389
1749266826,0.02365000,641904.40000000,0.02389
1749266826,0.02364000,76527.90000000,0.02389
1749266826,0.02363000,101625.50000000,0.02389
1749266826,0.02362000,52656.00000000,0.02389
1749266826,0.02361000,740.80000000,0.02389
1749266826,0.02360000,161205.40000000,0.02389
1749266826,0.02359000,47833.30000000,0.02389
1749266826,0.02358000,58532.40000000,0.02389
1749266826,0.02357000,80581.70000000,0.02389
1749266826,0.02356000,2706.60000000,0.02389
1749266826,0.02355000,176606.30000000,0.02389
1749266826,0.02354000,49345.40000000,0.02389
1749266826,0.02353000,743.30000000,0.02389
1749266826,0.02352000,85027.80000000,0.02389
1749266826,0.02351000,24479.20000000,0.02389
1749266826,0.02350000,228662.10000000,0.02389
1749266826,0.02349000,680.30000000,0.02389
1749266826,0.02348000,425.60000000,0.02389
1749266826,0.02347000,425.80000000,0.02389
1749266826,0.02346000,87363.80000000,0.02389
1749266826,0.02345000,698.90000000,0.02389
1749266826,0.02344000,337894.20000000,0.02389
1749266826,0.02343000,70282.30000000,0.02389
1749266826,0.02342000,421.70000000,0.02389
1749266826,0.02341000,1414.90000000,0.02389
1749266826,0.02340000,4687.70000000,0.02389
1749266826,0.02339000,912.80000000,0.02389
1749266826,0.02338000,10850.40000000,0.02389
1749266826,0.02337000,421.70000000,0.02389
1749266826,0.02336000,19147.90000000,0.02389
1749266826,0.02335000,50894.50000000,0.02389
1749266826,0.02334000,8904.90000000,0.02389
1749266826,0.02333000,1117.10000000,0.02389
1749266826,0.02332000,764.70000000,0.02389
1749266826,0.02331000,2275.40000000,0.02389
1749266826,0.02330000,93021.10000000,0.02389
1749266826,0.02329000,421.70000000,0.02389
1749266826,0.02328000,4629.70000000,0.02389
1749266826,0.02327000,421.70000000,0.02389
1749266826,0.02326000,421.70000000,0.02389
1749266826,0.02325000,9456.20000000,0.02389
1749266826,0.02324000,421.70000000,0.02389
1749266826,0.02323000,2093.50000000,0.02389
1749266826,0.02322000,25870.00000000,0.02389
1749266826,0.02321000,5322.40000000,0.02389
1749266826,0.02320000,677.90000000,0.02389
1749266826,0.02319000,119875.40000000,0.02389
1749266826,0.02318000,421.70000000,0.02389
1749266826,0.02317000,1189.70000000,0.02389
1749266826,0.02316000,421.70000000,0.02389
1749266826,0.02315000,2017.90000000,0.02389
1749266826,0.02314000,418.10000000,0.02389
1749266826,0.02313000,7274.60000000,0.02389
1749266826,0.02312000,884.70000000,0.02389
1749266826,0.02311000,2463.50000000,0.02389
1749266826,0.02310000,55723.30000000,0.02389
1749266826,0.02306000,217.00000000,0.02389
1749266826,0.02305000,752.80000000,0.02389
1749266826,0.02303000,447.90000000,0.02389
1749266826,0.02301000,91996.70000000,0.02389
1749266826,0.02300000,313620.80000000,0.02389
1749266826,0.02299000,3446.90000000,0.02389
1749266826,0.02298000,1776.20000000,0.02389
1749266826,0.02297000,243.80000000,0.02389
1749266826,0.02296000,1191.40000000,0.02389
1749266826,0.02295000,6477.00000000,0.02389
1749266826,0.02294000,1208.30000000,0.02389
1749266826,0.02293000,491.10000000,0.02389
1749266826,0.02291000,380.50000000,0.02389
1749266826,0.02290000,11057.80000000,0.02389
1749266826,0.02289000,693.00000000,0.02389
1749266826,0.02288000,6579.20000000,0.02389
1749266826,0.02287000,7175.80000000,0.02389
1749266826,0.02286000,912.20000000,0.02389
1749266826,0.02285000,527.80000000,0.02389
1749266826,0.02284000,28243.30000000,0.02389
1749267127,0.02385000,71163.60000000,0.02386
1749267127,0.02384000,714981.50000000,0.02386
1749267127,0.02383000,717981.00000000,0.02386
1749267127,0.02382000,753580.00000000,0.02386
1749267127,0.02381000,377870.80000000,0.02386
1749267127,0.02380000,488391.70000000,0.02386
1749267127,0.02379000,110401.60000000,0.02386
1749267127,0.02378000,87478.60000000,0.02386
1749267127,0.02377000,794046.50000000,0.02386
1749267127,0.02376000,108321.50000000,0.02386
1749267127,0.02375000,161339.30000000,0.02386
1749267127,0.02374000,87585.90000000,0.02386
1749267127,0.02373000,385515.60000000,0.02386
1749267127,0.02372000,537890.50000000,0.02386
1749267127,0.02371000,87350.30000000,0.02386
1749267127,0.02370000,299174.90000000,0.02386
1749267127,0.02369000,139700.70000000,0.02386
1749267127,0.02368000,121543.70000000,0.02386
1749267127,0.02367000,120152.30000000,0.02386
1749267127,0.02366000,104139.10000000,0.02386
1749267127,0.02365000,596705.00000000,0.02386
1749267127,0.02364000,95057.00000000,0.02386
1749267127,0.02363000,32360.90000000,0.02386
1749267127,0.02362000,76506.00000000,0.02386
1749267127,0.02361000,740.80000000,0.02386
1749267127,0.02360000,122299.70000000,0.02386
1749267127,0.02359000,116997.60000000,0.02386
1749267127,0.02358000,224329.70000000,0.02386
1749267127,0.02357000,76346.50000000,0.02386
1749267127,0.02356000,742.40000000,0.02386
1749267127,0.02355000,195494.10000000,0.02386
1749267127,0.02354000,24263.20000000,0.02386
1749267127,0.02353000,743.30000000,0.02386
1749267127,0.02352000,80783.60000000,0.02386
1749267127,0.02351000,24479.20000000,0.02386
1749267127,0.02350000,352120.20000000,0.02386
1749267127,0.02349000,680.30000000,0.02386
1749267127,0.02348000,25571.90000000,0.02386
1749267127,0.02347000,425.80000000,0.02386
1749267127,0.02346000,87363.80000000,0.02386
1749267127,0.02345000,698.90000000,0.02386
1749267127,0.02344000,337894.20000000,0.02386
1749267127,0.02343000,70282.30000000,0.02386
1749267127,0.02342000,421.70000000,0.02386
1749267127,0.02341000,1414.90000000,0.02386
1749267127,0.02340000,421.70000000,0.02386
1749267127,0.02339000,912.80000000,0.02386
1749267127,0.02338000,81726.60000000,0.02386
1749267127,0.02337000,421.70000000,0.02386
1749267127,0.02336000,2054.60000000,0.02386
1749267127,0.02335000,1302.80000000,0.02386
1749267127,0.02334000,8904.90000000,0.02386
1749267127,0.02333000,1117.10000000,0.02386
1749267127,0.02332000,764.70000000,0.02386
1749267127,0.02331000,2275.40000000,0.02386
1749267127,0.02330000,93021.10000000,0.02386
1749267127,0.02329000,421.70000000,0.02386
1749267127,0.02328000,4629.70000000,0.02386
1749267127,0.02327000,421.70000000,0.02386
1749267127,0.02326000,421.70000000,0.02386
1749267127,0.02325000,9456.20000000,0.02386
1749267127,0.02324000,421.70000000,0.02386
1749267127,0.02323000,2093.50000000,0.02386
1749267127,0.02322000,25870.00000000,0.02386
1749267127,0.02321000,5322.40000000,0.02386
1749267127,0.02320000,677.90000000,0.02386
1749267127,0.02319000,119875.40000000,0.02386
1749267127,0.02318000,421.70000000,0.02386
1749267127,0.02317000,1189.70000000,0.02386
1749267127,0.02316000,421.70000000,0.02386
1749267127,0.02315000,2017.90000000,0.02386
1749267127,0.02314000,418.10000000,0.02386
1749267127,0.02313000,7692.90000000,0.02386
1749267127,0.02312000,1303.20000000,0.02386
1749267127,0.02311000,2882.20000000,0.02386
1749267127,0.02310000,57142.10000000,0.02386
1749267127,0.02306000,217.00000000,0.02386
1749267127,0.02305000,752.80000000,0.02386
1749267127,0.02303000,447.90000000,0.02386
1749267127,0.02301000,91996.70000000,0.02386
1749267127,0.02300000,313620.80000000,0.02386
1749267127,0.02299000,3446.90000000,0.02386
1749267127,0.02298000,1776.20000000,0.02386
1749267127,0.02297000,243.80000000,0.02386
1749267127,0.02296000,1191.40000000,0.02386
1749267127,0.02295000,6477.00000000,0.02386
1749267127,0.02294000,1208.30000000,0.02386
1749267127,0.02293000,491.10000000,0.02386
1749267127,0.02291000,380.50000000,0.02386
1749267127,0.02290000,11057.80000000,0.02386
1749267127,0.02289000,693.00000000,0.02386
1749267127,0.02288000,6579.20000000,0.02386
1749267127,0.02287000,7175.80000000,0.02386
1749267127,0.02286000,912.20000000,0.02386
1749267127,0.02285000,527.80000000,0.02386
1749267127,0.02284000,28243.30000000,0.02386
1749267127,0.02283000,47162.70000000,0.02386
