timestamp,price,volume,current_price
1749254574,0.02350000,201983.10000000,0.02351
1749254574,0.02349000,631164.10000000,0.02351
1749254574,0.02348000,683785.60000000,0.02351
1749254574,0.02347000,505518.40000000,0.02351
1749254574,0.02346000,682381.60000000,0.02351
1749254574,0.02345000,663234.80000000,0.02351
1749254574,0.02344000,187063.00000000,0.02351
1749254574,0.02343000,265094.50000000,0.02351
1749254574,0.02342000,413661.30000000,0.02351
1749254574,0.02341000,661847.60000000,0.02351
1749254574,0.02340000,960170.50000000,0.02351
1749254574,0.02339000,98064.10000000,0.02351
1749254574,0.02338000,191430.60000000,0.02351
1749254574,0.02337000,88205.30000000,0.02351
1749254574,0.02336000,184925.00000000,0.02351
1749254574,0.02335000,99540.70000000,0.02351
1749254574,0.02334000,125047.40000000,0.02351
1749254574,0.02333000,121911.30000000,0.02351
1749254574,0.02332000,142576.10000000,0.02351
1749254574,0.02331000,26444.50000000,0.02351
1749254574,0.02330000,166208.70000000,0.02351
1749254574,0.02329000,53958.20000000,0.02351
1749254574,0.02328000,57881.30000000,0.02351
1749254574,0.02327000,460741.10000000,0.02351
1749254574,0.02326000,110139.50000000,0.02351
1749254574,0.02325000,219609.30000000,0.02351
1749254574,0.02324000,153962.50000000,0.02351
1749254574,0.02323000,25943.50000000,0.02351
1749254574,0.02322000,49720.00000000,0.02351
1749254574,0.02321000,321185.60000000,0.02351
1749254574,0.02320000,24085.40000000,0.02351
1749254574,0.02319000,210335.30000000,0.02351
1749254574,0.02318000,171948.30000000,0.02351
1749254574,0.02317000,20315.70000000,0.02351
1749254574,0.02316000,421.70000000,0.02351
1749254574,0.02315000,112411.30000000,0.02351
1749254574,0.02314000,13363.50000000,0.02351
1749254574,0.02313000,7696.30000000,0.02351
1749254574,0.02312000,1306.40000000,0.02351
1749254574,0.02311000,2885.20000000,0.02351
1749254574,0.02310000,127403.90000000,0.02351
1749254574,0.02309000,421.70000000,0.02351
1749254574,0.02308000,421.70000000,0.02351
1749254574,0.02307000,4038.50000000,0.02351
1749254574,0.02306000,638.70000000,0.02351
1749254574,0.02305000,1174.50000000,0.02351
1749254574,0.02304000,87871.70000000,0.02351
1749254574,0.02303000,59819.40000000,0.02351
1749254574,0.02302000,13431.00000000,0.02351
1749254574,0.02301000,421.70000000,0.02351
1749254574,0.02300000,436034.80000000,0.02351
1749254574,0.02299000,1439.00000000,0.02351
1749254574,0.02298000,10885.90000000,0.02351
1749254574,0.02297000,665.50000000,0.02351
1749254574,0.02296000,7884.50000000,0.02351
1749254574,0.02295000,6898.50000000,0.02351
1749254574,0.02294000,73385.90000000,0.02351
1749254574,0.02293000,912.90000000,0.02351
1749254574,0.02292000,2859.00000000,0.02351
1749254574,0.02291000,802.70000000,0.02351
1749254574,0.02290000,19427.80000000,0.02351
1749254574,0.02289000,1115.60000000,0.02351
1749254574,0.02288000,7001.80000000,0.02351
1749254574,0.02287000,7598.70000000,0.02351
1749254574,0.02286000,91918.50000000,0.02351
1749254574,0.02285000,951.10000000,0.02351
1749254574,0.02284000,28666.70000000,0.02351
1749254574,0.02283000,1615.00000000,0.02351
1749254574,0.02282000,3688.20000000,0.02351
1749254574,0.02281000,687.00000000,0.02351
1749254574,0.02280000,37968.00000000,0.02351
1749254574,0.02279000,424.30000000,0.02351
1749254574,0.02278000,23964.30000000,0.02351
1749254574,0.02277000,3938.00000000,0.02351
1749254574,0.02276000,7365.20000000,0.02351
1749254574,0.02275000,3806.90000000,0.02351
1749254574,0.02274000,1061.90000000,0.02351
1749254574,0.02272000,1710.50000000,0.02351
1749254574,0.02271000,643.70000000,0.02351
1749254574,0.02270000,39149.10000000,0.02351
1749254574,0.02269000,934.90000000,0.02351
1749254574,0.02268000,45073.50000000,0.02351
1749254574,0.02267000,5306.10000000,0.02351
1749254574,0.02265000,2472.20000000,0.02351
1749254574,0.02264000,1104.20000000,0.02351
1749254574,0.02263000,7547.80000000,0.02351
1749254574,0.02261000,3489.30000000,0.02351
1749254574,0.02260000,24107.40000000,0.02351
1749254574,0.02259000,380.50000000,0.02351
1749254574,0.02258000,256.20000000,0.02351
1749254574,0.02257000,26014.60000000,0.02351
1749254574,0.02256000,1886.80000000,0.02351
1749254574,0.02255000,2765.90000000,0.02351
1749254574,0.02254000,2005.30000000,0.02351
1749254574,0.02253000,255.10000000,0.02351
1749254574,0.02252000,488.50000000,0.02351
1749254574,0.02251000,35975.30000000,0.02351
1749254574,0.02250000,48005.80000000,0.02351
1749254574,0.02247000,1004.00000000,0.02351
1749254574,0.02245000,3497.70000000,0.02351
1749254885,0.02356000,64296.50000000,0.02356
1749254885,0.02355000,521982.30000000,0.02356
1749254885,0.02354000,500026.60000000,0.02356
1749254885,0.02353000,299252.80000000,0.02356
1749254885,0.02352000,377609.20000000,0.02356
1749254885,0.02351000,431058.40000000,0.02356
1749254885,0.02350000,588605.00000000,0.02356
1749254885,0.02349000,324436.30000000,0.02356
1749254885,0.02348000,182560.90000000,0.02356
1749254885,0.02347000,197418.30000000,0.02356
1749254885,0.02346000,561438.30000000,0.02356
1749254885,0.02345000,488772.90000000,0.02356
1749254885,0.02344000,335000.60000000,0.02356
1749254885,0.02343000,123025.80000000,0.02356
1749254885,0.02342000,385182.70000000,0.02356
1749254885,0.02341000,163509.70000000,0.02356
1749254885,0.02340000,895082.30000000,0.02356
1749254885,0.02339000,117657.90000000,0.02356
1749254885,0.02338000,169115.70000000,0.02356
1749254885,0.02337000,145575.20000000,0.02356
1749254885,0.02336000,89892.60000000,0.02356
1749254885,0.02335000,90039.60000000,0.02356
1749254885,0.02334000,123984.30000000,0.02356
1749254885,0.02333000,121911.30000000,0.02356
1749254885,0.02332000,141512.50000000,0.02356
1749254885,0.02331000,26444.50000000,0.02356
1749254885,0.02330000,102669.80000000,0.02356
1749254885,0.02329000,53958.20000000,0.02356
1749254885,0.02328000,57881.30000000,0.02356
1749254885,0.02327000,466271.60000000,0.02356
1749254885,0.02326000,104608.20000000,0.02356
1749254885,0.02325000,33625.90000000,0.02356
1749254885,0.02324000,105864.80000000,0.02356
1749254885,0.02323000,24994.30000000,0.02356
1749254885,0.02322000,25870.00000000,0.02356
1749254885,0.02321000,279844.80000000,0.02356
1749254885,0.02320000,135483.30000000,0.02356
1749254885,0.02319000,206030.70000000,0.02356
1749254885,0.02318000,171948.30000000,0.02356
1749254885,0.02317000,24624.00000000,0.02356
1749254885,0.02316000,421.70000000,0.02356
1749254885,0.02315000,179204.20000000,0.02356
1749254885,0.02314000,13363.50000000,0.02356
1749254885,0.02313000,7696.30000000,0.02356
1749254885,0.02312000,1306.40000000,0.02356
1749254885,0.02311000,2885.20000000,0.02356
1749254885,0.02310000,56145.00000000,0.02356
1749254885,0.02309000,421.70000000,0.02356
1749254885,0.02308000,421.70000000,0.02356
1749254885,0.02307000,4038.50000000,0.02356
1749254885,0.02306000,638.70000000,0.02356
1749254885,0.02305000,5505.30000000,0.02356
1749254885,0.02304000,87871.70000000,0.02356
1749254885,0.02303000,55484.90000000,0.02356
1749254885,0.02302000,178856.90000000,0.02356
1749254885,0.02301000,421.70000000,0.02356
1749254885,0.02300000,75227.10000000,0.02356
1749254885,0.02299000,1439.00000000,0.02356
1749254885,0.02298000,10885.90000000,0.02356
1749254885,0.02297000,665.50000000,0.02356
1749254885,0.02296000,7884.50000000,0.02356
1749254885,0.02295000,6898.50000000,0.02356
1749254885,0.02294000,73385.90000000,0.02356
1749254885,0.02293000,912.90000000,0.02356
1749254885,0.02292000,422.00000000,0.02356
1749254885,0.02291000,802.70000000,0.02356
1749254885,0.02290000,19427.80000000,0.02356
1749254885,0.02289000,3555.80000000,0.02356
1749254885,0.02288000,7001.80000000,0.02356
1749254885,0.02287000,7598.70000000,0.02356
1749254885,0.02286000,91918.50000000,0.02356
1749254885,0.02285000,220405.00000000,0.02356
1749254885,0.02284000,28666.70000000,0.02356
1749254885,0.02283000,1615.00000000,0.02356
1749254885,0.02282000,3688.20000000,0.02356
1749254885,0.02281000,687.00000000,0.02356
1749254885,0.02280000,37543.80000000,0.02356
1749254885,0.02278000,23539.80000000,0.02356
1749254885,0.02277000,3513.30000000,0.02356
1749254885,0.02276000,6940.30000000,0.02356
1749254885,0.02275000,3381.80000000,0.02356
1749254885,0.02274000,1061.90000000,0.02356
1749254885,0.02272000,1710.50000000,0.02356
1749254885,0.02271000,643.70000000,0.02356
1749254885,0.02270000,39149.10000000,0.02356
1749254885,0.02269000,934.90000000,0.02356
1749254885,0.02268000,45073.50000000,0.02356
1749254885,0.02267000,5306.10000000,0.02356
1749254885,0.02265000,2472.20000000,0.02356
1749254885,0.02264000,1104.20000000,0.02356
1749254885,0.02263000,7547.80000000,0.02356
1749254885,0.02261000,3489.30000000,0.02356
1749254885,0.02260000,24107.40000000,0.02356
1749254885,0.02259000,380.50000000,0.02356
1749254885,0.02258000,256.20000000,0.02356
1749254885,0.02257000,23539.80000000,0.02356
1749254885,0.02256000,1886.80000000,0.02356
1749254885,0.02255000,2765.90000000,0.02356
1749254885,0.02254000,2005.30000000,0.02356
1749254885,0.02253000,2734.30000000,0.02356
