timestamp,price,volume,current_price
1749258352,0.02382000,435259.20000000,0.02382
1749258352,0.02381000,669530.70000000,0.02382
1749258352,0.02380000,294432.90000000,0.02382
1749258352,0.02379000,482339.00000000,0.02382
1749258352,0.02378000,238454.50000000,0.02382
1749258352,0.02377000,588302.60000000,0.02382
1749258352,0.02376000,651636.00000000,0.02382
1749258352,0.02375000,375092.50000000,0.02382
1749258352,0.02374000,200786.30000000,0.02382
1749258352,0.02373000,456082.90000000,0.02382
1749258352,0.02372000,440053.70000000,0.02382
1749258352,0.02371000,97754.90000000,0.02382
1749258352,0.02370000,89655.00000000,0.02382
1749258352,0.02369000,200243.70000000,0.02382
1749258352,0.02368000,837252.90000000,0.02382
1749258352,0.02367000,106819.70000000,0.02382
1749258352,0.02366000,172788.80000000,0.02382
1749258352,0.02365000,143220.60000000,0.02382
1749258352,0.02364000,135727.00000000,0.02382
1749258352,0.02363000,32360.70000000,0.02382
1749258352,0.02362000,25639.80000000,0.02382
1749258352,0.02361000,77091.50000000,0.02382
1749258352,0.02360000,466558.90000000,0.02382
1749258352,0.02359000,46230.00000000,0.02382
1749258352,0.02358000,741.50000000,0.02382
1749258352,0.02357000,99493.20000000,0.02382
1749258352,0.02356000,742.40000000,0.02382
1749258352,0.02355000,105277.60000000,0.02382
1749258352,0.02354000,94122.40000000,0.02382
1749258352,0.02353000,228329.90000000,0.02382
1749258352,0.02352000,15784.60000000,0.02382
1749258352,0.02351000,140625.00000000,0.02382
1749258352,0.02350000,1935.60000000,0.02382
1749258352,0.02349000,78830.80000000,0.02382
1749258352,0.02348000,83921.70000000,0.02382
1749258352,0.02347000,8932.40000000,0.02382
1749258352,0.02346000,262640.60000000,0.02382
1749258352,0.02345000,69099.80000000,0.02382
1749258352,0.02344000,23966.10000000,0.02382
1749258352,0.02343000,426.50000000,0.02382
1749258352,0.02342000,421.70000000,0.02382
1749258352,0.02341000,1414.90000000,0.02382
1749258352,0.02340000,421.70000000,0.02382
1749258352,0.02339000,22252.00000000,0.02382
1749258352,0.02338000,7000.90000000,0.02382
1749258352,0.02337000,421.70000000,0.02382
1749258352,0.02336000,13165.20000000,0.02382
1749258352,0.02335000,9853.10000000,0.02382
1749258352,0.02334000,51745.10000000,0.02382
1749258352,0.02333000,1117.10000000,0.02382
1749258352,0.02332000,9255.20000000,0.02382
1749258352,0.02331000,2275.40000000,0.02382
1749258352,0.02330000,2020.10000000,0.02382
1749258352,0.02329000,421.70000000,0.02382
1749258352,0.02328000,372060.10000000,0.02382
1749258352,0.02327000,421.70000000,0.02382
1749258352,0.02326000,421.70000000,0.02382
1749258352,0.02325000,9456.20000000,0.02382
1749258352,0.02324000,421.70000000,0.02382
1749258352,0.02323000,2093.50000000,0.02382
1749258352,0.02322000,25870.00000000,0.02382
1749258352,0.02321000,5322.40000000,0.02382
1749258352,0.02320000,677.90000000,0.02382
1749258352,0.02319000,28238.80000000,0.02382
1749258352,0.02318000,421.70000000,0.02382
1749258352,0.02317000,1189.70000000,0.02382
1749258352,0.02316000,421.70000000,0.02382
1749258352,0.02315000,93460.10000000,0.02382
1749258352,0.02314000,421.70000000,0.02382
1749258352,0.02313000,7696.30000000,0.02382
1749258352,0.02312000,1303.20000000,0.02382
1749258352,0.02311000,24480.00000000,0.02382
1749258352,0.02310000,56142.10000000,0.02382
1749258352,0.02309000,419.00000000,0.02382
1749258352,0.02308000,419.20000000,0.02382
1749258352,0.02307000,419.40000000,0.02382
1749258352,0.02306000,217.00000000,0.02382
1749258352,0.02305000,752.80000000,0.02382
1749258352,0.02303000,447.90000000,0.02382
1749258352,0.02300000,74805.40000000,0.02382
1749258352,0.02299000,1017.30000000,0.02382
1749258352,0.02298000,89910.40000000,0.02382
1749258352,0.02297000,243.80000000,0.02382
1749258352,0.02296000,7463.20000000,0.02382
1749258352,0.02295000,6477.00000000,0.02382
1749258352,0.02294000,1208.30000000,0.02382
1749258352,0.02293000,491.10000000,0.02382
1749258352,0.02291000,5587.70000000,0.02382
1749258352,0.02290000,19005.40000000,0.02382
1749258352,0.02289000,693.00000000,0.02382
1749258352,0.02288000,9020.50000000,0.02382
1749258352,0.02287000,7175.80000000,0.02382
1749258352,0.02286000,912.20000000,0.02382
1749258352,0.02285000,527.80000000,0.02382
1749258352,0.02284000,28243.30000000,0.02382
1749258352,0.02283000,1191.40000000,0.02382
1749258352,0.02282000,3264.40000000,0.02382
1749258352,0.02281000,263.00000000,0.02382
1749258352,0.02280000,83542.10000000,0.02382
1749258352,0.02278000,23539.80000000,0.02382
1749258658,0.02372000,77566.50000000,0.02373
1749258658,0.02371000,361315.60000000,0.02373
1749258658,0.02370000,580948.10000000,0.02373
1749258658,0.02369000,573069.80000000,0.02373
1749258658,0.02368000,592485.70000000,0.02373
1749258658,0.02367000,562674.80000000,0.02373
1749258658,0.02366000,118099.40000000,0.02373
1749258658,0.02365000,383115.10000000,0.02373
1749258658,0.02364000,421915.90000000,0.02373
1749258658,0.02363000,468539.50000000,0.02373
1749258658,0.02362000,171871.10000000,0.02373
1749258658,0.02361000,395781.90000000,0.02373
1749258658,0.02360000,519438.00000000,0.02373
1749258658,0.02359000,154912.80000000,0.02373
1749258658,0.02358000,216061.30000000,0.02373
1749258658,0.02357000,167510.50000000,0.02373
1749258658,0.02356000,71882.70000000,0.02373
1749258658,0.02355000,25992.80000000,0.02373
1749258658,0.02354000,145141.00000000,0.02373
1749258658,0.02353000,467433.50000000,0.02373
1749258658,0.02352000,125267.40000000,0.02373
1749258658,0.02351000,104181.20000000,0.02373
1749258658,0.02350000,135706.50000000,0.02373
1749258658,0.02349000,50261.20000000,0.02373
1749258658,0.02348000,61641.50000000,0.02373
1749258658,0.02347000,244012.50000000,0.02373
1749258658,0.02346000,4262.10000000,0.02373
1749258658,0.02345000,24838.90000000,0.02373
1749258658,0.02344000,157822.00000000,0.02373
1749258658,0.02343000,26623.60000000,0.02373
1749258658,0.02342000,94194.20000000,0.02373
1749258658,0.02341000,230569.40000000,0.02373
1749258658,0.02340000,421.70000000,0.02373
1749258658,0.02339000,96569.00000000,0.02373
1749258658,0.02338000,41438.90000000,0.02373
1749258658,0.02337000,68200.90000000,0.02373
1749258658,0.02336000,2054.60000000,0.02373
1749258658,0.02335000,1302.80000000,0.02373
1749258658,0.02334000,38914.30000000,0.02373
1749258658,0.02333000,1117.10000000,0.02373
1749258658,0.02332000,764.70000000,0.02373
1749258658,0.02331000,2275.40000000,0.02373
1749258658,0.02330000,2020.10000000,0.02373
1749258658,0.02329000,421.70000000,0.02373
1749258658,0.02328000,4629.70000000,0.02373
1749258658,0.02327000,4711.50000000,0.02373
1749258658,0.02326000,11487.90000000,0.02373
1749258658,0.02325000,17972.30000000,0.02373
1749258658,0.02324000,90176.50000000,0.02373
1749258658,0.02323000,362949.60000000,0.02373
1749258658,0.02322000,25870.00000000,0.02373
1749258658,0.02321000,5322.40000000,0.02373
1749258658,0.02320000,9212.30000000,0.02373
1749258658,0.02319000,28238.80000000,0.02373
1749258658,0.02318000,421.70000000,0.02373
1749258658,0.02317000,1189.70000000,0.02373
1749258658,0.02316000,421.70000000,0.02373
1749258658,0.02315000,2021.60000000,0.02373
1749258658,0.02314000,421.70000000,0.02373
1749258658,0.02313000,7696.30000000,0.02373
1749258658,0.02312000,1303.20000000,0.02373
1749258658,0.02311000,2882.20000000,0.02373
1749258658,0.02310000,56142.10000000,0.02373
1749258658,0.02309000,419.00000000,0.02373
1749258658,0.02308000,419.20000000,0.02373
1749258658,0.02307000,419.40000000,0.02373
1749258658,0.02306000,90220.30000000,0.02373
1749258658,0.02305000,1172.50000000,0.02373
1749258658,0.02304000,419.90000000,0.02373
1749258658,0.02303000,868.00000000,0.02373
1749258658,0.02302000,420.20000000,0.02373
1749258658,0.02301000,420.40000000,0.02373
1749258658,0.02300000,75532.20000000,0.02373
1749258658,0.02299000,1438.10000000,0.02373
1749258658,0.02298000,2197.10000000,0.02373
1749258658,0.02297000,664.90000000,0.02373
1749258658,0.02296000,7463.20000000,0.02373
1749258658,0.02295000,6477.00000000,0.02373
1749258658,0.02294000,1208.30000000,0.02373
1749258658,0.02293000,491.10000000,0.02373
1749258658,0.02291000,5587.70000000,0.02373
1749258658,0.02290000,19005.40000000,0.02373
1749258658,0.02289000,693.00000000,0.02373
1749258658,0.02288000,54190.50000000,0.02373
1749258658,0.02287000,7175.80000000,0.02373
1749258658,0.02286000,912.20000000,0.02373
1749258658,0.02285000,527.80000000,0.02373
1749258658,0.02284000,28243.30000000,0.02373
1749258658,0.02283000,1191.40000000,0.02373
1749258658,0.02282000,3264.40000000,0.02373
1749258658,0.02281000,263.00000000,0.02373
1749258658,0.02280000,37543.80000000,0.02373
1749258658,0.02278000,23539.80000000,0.02373
1749258658,0.02277000,3513.30000000,0.02373
1749258658,0.02276000,6579.20000000,0.02373
1749258658,0.02275000,3381.80000000,0.02373
1749258658,0.02274000,93031.60000000,0.02373
1749258658,0.02272000,1710.50000000,0.02373
1749258658,0.02271000,643.70000000,0.02373
1749258658,0.02270000,39149.10000000,0.02373
1749258974,0.02372000,85769.60000000,0.02373
1749258974,0.02371000,370389.70000000,0.02373
1749258974,0.02370000,621707.60000000,0.02373
1749258974,0.02369000,680743.20000000,0.02373
1749258974,0.02368000,669302.90000000,0.02373
1749258974,0.02367000,262691.50000000,0.02373
1749258974,0.02366000,161766.20000000,0.02373
1749258974,0.02365000,733895.30000000,0.02373
1749258974,0.02364000,98544.90000000,0.02373
1749258974,0.02363000,690222.50000000,0.02373
1749258974,0.02362000,215907.50000000,0.02373
1749258974,0.02361000,87247.80000000,0.02373
1749258974,0.02360000,553721.40000000,0.02373
1749258974,0.02359000,156273.50000000,0.02373
1749258974,0.02358000,235614.20000000,0.02373
1749258974,0.02357000,143588.80000000,0.02373
1749258974,0.02356000,94582.60000000,0.02373
1749258974,0.02355000,25992.80000000,0.02373
1749258974,0.02354000,75610.90000000,0.02373
1749258974,0.02353000,467433.50000000,0.02373
1749258974,0.02352000,128894.20000000,0.02373
1749258974,0.02351000,31429.40000000,0.02373
1749258974,0.02350000,43633.10000000,0.02373
1749258974,0.02349000,119938.60000000,0.02373
1749258974,0.02348000,61641.50000000,0.02373
1749258974,0.02347000,244012.50000000,0.02373
1749258974,0.02346000,4262.10000000,0.02373
1749258974,0.02345000,70785.20000000,0.02373
1749258974,0.02344000,162080.70000000,0.02373
1749258974,0.02343000,26623.60000000,0.02373
1749258974,0.02342000,94194.20000000,0.02373
1749258974,0.02341000,312160.30000000,0.02373
1749258974,0.02340000,128365.80000000,0.02373
1749258974,0.02339000,100836.80000000,0.02373
1749258974,0.02338000,41438.90000000,0.02373
1749258974,0.02337000,108078.40000000,0.02373
1749258974,0.02336000,14874.50000000,0.02373
1749258974,0.02335000,1302.80000000,0.02373
1749258974,0.02334000,38914.30000000,0.02373
1749258974,0.02333000,1117.10000000,0.02373
1749258974,0.02332000,764.70000000,0.02373
1749258974,0.02331000,2275.40000000,0.02373
1749258974,0.02330000,2020.10000000,0.02373
1749258974,0.02329000,421.70000000,0.02373
1749258974,0.02328000,4629.70000000,0.02373
1749258974,0.02327000,421.70000000,0.02373
1749258974,0.02326000,15779.60000000,0.02373
1749258974,0.02325000,26559.40000000,0.02373
1749258974,0.02324000,90176.50000000,0.02373
1749258974,0.02323000,362949.60000000,0.02373
1749258974,0.02322000,25870.00000000,0.02373
1749258974,0.02321000,5322.40000000,0.02373
1749258974,0.02320000,9212.30000000,0.02373
1749258974,0.02319000,28238.80000000,0.02373
1749258974,0.02318000,421.70000000,0.02373
1749258974,0.02317000,1189.70000000,0.02373
1749258974,0.02316000,421.70000000,0.02373
1749258974,0.02315000,2021.60000000,0.02373
1749258974,0.02314000,421.70000000,0.02373
1749258974,0.02313000,7696.30000000,0.02373
1749258974,0.02312000,1303.20000000,0.02373
1749258974,0.02311000,2882.20000000,0.02373
1749258974,0.02310000,56142.10000000,0.02373
1749258974,0.02309000,419.00000000,0.02373
1749258974,0.02308000,419.20000000,0.02373
1749258974,0.02307000,419.40000000,0.02373
1749258974,0.02306000,90220.30000000,0.02373
1749258974,0.02305000,1172.50000000,0.02373
1749258974,0.02304000,419.90000000,0.02373
1749258974,0.02303000,868.00000000,0.02373
1749258974,0.02302000,420.20000000,0.02373
1749258974,0.02301000,420.40000000,0.02373
1749258974,0.02300000,156184.50000000,0.02373
1749258974,0.02299000,1438.10000000,0.02373
1749258974,0.02298000,2197.10000000,0.02373
1749258974,0.02297000,664.90000000,0.02373
1749258974,0.02296000,7463.20000000,0.02373
1749258974,0.02295000,6477.00000000,0.02373
1749258974,0.02294000,1208.30000000,0.02373
1749258974,0.02293000,491.10000000,0.02373
1749258974,0.02291000,5587.70000000,0.02373
1749258974,0.02290000,19005.40000000,0.02373
1749258974,0.02289000,693.00000000,0.02373
1749258974,0.02288000,54190.50000000,0.02373
1749258974,0.02287000,7175.80000000,0.02373
1749258974,0.02286000,912.20000000,0.02373
1749258974,0.02285000,527.80000000,0.02373
1749258974,0.02284000,28243.30000000,0.02373
1749258974,0.02283000,1191.40000000,0.02373
1749258974,0.02282000,3264.40000000,0.02373
1749258974,0.02281000,263.00000000,0.02373
1749258974,0.02280000,37543.80000000,0.02373
1749258974,0.02278000,23539.80000000,0.02373
1749258974,0.02277000,3513.30000000,0.02373
1749258974,0.02276000,6579.20000000,0.02373
1749258974,0.02275000,3381.80000000,0.02373
1749258974,0.02274000,93031.60000000,0.02373
1749258974,0.02272000,1710.50000000,0.02373
1749258974,0.02271000,643.70000000,0.02373
1749258974,0.02270000,39149.10000000,0.02373
