timestamp,price,volume,current_price
1749260695,1.84250000,336.00000000,1.8425
1749260695,1.84240000,243.60000000,1.8425
1749260695,1.84230000,193.90000000,1.8425
1749260695,1.84220000,140.50000000,1.8425
1749260695,1.84210000,9.60000000,1.8425
1749260695,1.84200000,190.50000000,1.8425
1749260695,1.84190000,9.60000000,1.8425
1749260695,1.84180000,214.70000000,1.8425
1749260695,1.84170000,486.30000000,1.8425
1749260695,1.84160000,309.20000000,1.8425
1749260695,1.84150000,610.30000000,1.8425
1749260695,1.84140000,589.10000000,1.8425
1749260695,1.84130000,133.20000000,1.8425
1749260695,1.84120000,314.10000000,1.8425
1749260695,1.84110000,298.20000000,1.8425
1749260695,1.84100000,1475.80000000,1.8425
1749260695,1.84090000,3069.50000000,1.8425
1749260695,1.84080000,561.20000000,1.8425
1749260695,1.84070000,524.20000000,1.8425
1749260695,1.84060000,477.60000000,1.8425
1749260695,1.84050000,775.00000000,1.8425
1749260695,1.84040000,619.70000000,1.8425
1749260695,1.84030000,1062.90000000,1.8425
1749260695,1.84020000,1552.40000000,1.8425
1749260695,1.84010000,498.10000000,1.8425
1749260695,1.84000000,662.70000000,1.8425
1749260695,1.83990000,1464.60000000,1.8425
1749260695,1.83980000,685.70000000,1.8425
1749260695,1.83970000,895.10000000,1.8425
1749260695,1.83960000,906.70000000,1.8425
1749260695,1.83950000,575.60000000,1.8425
1749260695,1.83940000,1473.10000000,1.8425
1749260695,1.83930000,273.50000000,1.8425
1749260695,1.83920000,650.60000000,1.8425
1749260695,1.83910000,1428.10000000,1.8425
1749260695,1.83900000,2723.30000000,1.8425
1749260695,1.83890000,508.70000000,1.8425
1749260695,1.83880000,278.50000000,1.8425
1749260695,1.83870000,741.30000000,1.8425
1749260695,1.83860000,920.60000000,1.8425
1749260695,1.83850000,373.50000000,1.8425
1749260695,1.83840000,391.50000000,1.8425
1749260695,1.83830000,407.80000000,1.8425
1749260695,1.83820000,220.50000000,1.8425
1749260695,1.83810000,264.90000000,1.8425
1749260695,1.83800000,5049.20000000,1.8425
1749260695,1.83790000,2279.90000000,1.8425
1749260695,1.83780000,7143.60000000,1.8425
1749260695,1.83770000,245.00000000,1.8425
1749260695,1.83760000,140.50000000,1.8425
1749260695,1.83750000,156.70000000,1.8425
1749260695,1.83740000,380.30000000,1.8425
1749260695,1.83730000,905.60000000,1.8425
1749260695,1.83720000,421.50000000,1.8425
1749260695,1.83710000,5.50000000,1.8425
1749260695,1.83700000,140.50000000,1.8425
1749260695,1.83690000,5.50000000,1.8425
1749260695,1.83680000,472.90000000,1.8425
1749260695,1.83670000,5.50000000,1.8425
1749260695,1.83660000,383.40000000,1.8425
1749260695,1.83650000,5.50000000,1.8425
1749260695,1.83640000,144.60000000,1.8425
1749260695,1.83630000,245.40000000,1.8425
1749260695,1.83620000,140.50000000,1.8425
1749260695,1.83610000,5.50000000,1.8425
1749260695,1.83600000,284.40000000,1.8425
1749260695,1.83590000,245.40000000,1.8425
1749260695,1.83580000,60.00000000,1.8425
1749260695,1.83570000,5.50000000,1.8425
1749260695,1.83560000,1116.50000000,1.8425
1749260695,1.83550000,9.60000000,1.8425
1749260695,1.83540000,8.50000000,1.8425
1749260695,1.83530000,283.40000000,1.8425
1749260695,1.83520000,5.50000000,1.8425
1749260695,1.83510000,245.70000000,1.8425
1749260695,1.83500000,13.50000000,1.8425
1749260695,1.83490000,240.20000000,1.8425
1749260695,1.83460000,4.10000000,1.8425
1749260695,1.83440000,240.20000000,1.8425
1749260695,1.83420000,3.00000000,1.8425
1749260695,1.83410000,278.00000000,1.8425
1749260695,1.83390000,67.90000000,1.8425
1749260695,1.83380000,277.90000000,1.8425
1749260695,1.83370000,244.40000000,1.8425
1749260695,1.83360000,12338.30000000,1.8425
1749260695,1.83340000,240.20000000,1.8425
1749260695,1.83290000,54.20000000,1.8425
1749260695,1.83280000,4.10000000,1.8425
1749260695,1.83270000,15.30000000,1.8425
1749260695,1.83260000,546.80000000,1.8425
1749260695,1.83250000,239.20000000,1.8425
1749260695,1.83240000,926.80000000,1.8425
1749260695,1.83210000,5.40000000,1.8425
1749260695,1.83200000,1560.90000000,1.8425
1749260695,1.83190000,4.10000000,1.8425
1749260695,1.83140000,15.30000000,1.8425
1749260695,1.83130000,1873.40000000,1.8425
1749260695,1.83120000,239.40000000,1.8425
1749260695,1.83110000,284.80000000,1.8425
1749260695,1.83100000,4.10000000,1.8425
1749261014,1.84120000,5.50000000,1.8413
1749261014,1.84110000,15.60000000,1.8413
1749261014,1.84100000,375.60000000,1.8413
1749261014,1.84090000,1222.50000000,1.8413
1749261014,1.84080000,8.50000000,1.8413
1749261014,1.84070000,367.30000000,1.8413
1749261014,1.84060000,123.90000000,1.8413
1749261014,1.84050000,266.00000000,1.8413
1749261014,1.84040000,743.50000000,1.8413
1749261014,1.84030000,991.50000000,1.8413
1749261014,1.84020000,802.60000000,1.8413
1749261014,1.84010000,775.30000000,1.8413
1749261014,1.84000000,1015.40000000,1.8413
1749261014,1.83990000,1271.20000000,1.8413
1749261014,1.83980000,4217.30000000,1.8413
1749261014,1.83970000,1136.50000000,1.8413
1749261014,1.83960000,849.40000000,1.8413
1749261014,1.83950000,521.60000000,1.8413
1749261014,1.83940000,1324.20000000,1.8413
1749261014,1.83930000,1473.90000000,1.8413
1749261014,1.83920000,131.90000000,1.8413
1749261014,1.83910000,262.80000000,1.8413
1749261014,1.83900000,555.40000000,1.8413
1749261014,1.83890000,2488.00000000,1.8413
1749261014,1.83880000,7300.90000000,1.8413
1749261014,1.83870000,540.60000000,1.8413
1749261014,1.83860000,330.00000000,1.8413
1749261014,1.83850000,684.50000000,1.8413
1749261014,1.83840000,172.10000000,1.8413
1749261014,1.83830000,259.60000000,1.8413
1749261014,1.83820000,128.70000000,1.8413
1749261014,1.83810000,259.60000000,1.8413
1749261014,1.83800000,668.80000000,1.8413
1749261014,1.83790000,527.30000000,1.8413
1749261014,1.83780000,4959.10000000,1.8413
1749261014,1.83770000,259.60000000,1.8413
1749261014,1.83760000,124.60000000,1.8413
1749261014,1.83750000,259.60000000,1.8413
1749261014,1.83740000,456.10000000,1.8413
1749261014,1.83730000,263.70000000,1.8413
1749261014,1.83720000,450.80000000,1.8413
1749261014,1.83710000,259.60000000,1.8413
1749261014,1.83700000,124.80000000,1.8413
1749261014,1.83690000,346.60000000,1.8413
1749261014,1.83680000,457.60000000,1.8413
1749261014,1.83670000,260.20000000,1.8413
1749261014,1.83660000,248.40000000,1.8413
1749261014,1.83650000,140.50000000,1.8413
1749261014,1.83640000,9.60000000,1.8413
1749261014,1.83630000,380.40000000,1.8413
1749261014,1.83620000,5.50000000,1.8413
1749261014,1.83610000,5.50000000,1.8413
1749261014,1.83600000,171.80000000,1.8413
1749261014,1.83590000,380.40000000,1.8413
1749261014,1.83580000,118.10000000,1.8413
1749261014,1.83570000,140.50000000,1.8413
1749261014,1.83560000,283.50000000,1.8413
1749261014,1.83550000,842.60000000,1.8413
1749261014,1.83540000,8.50000000,1.8413
1749261014,1.83530000,283.40000000,1.8413
1749261014,1.83520000,5.50000000,1.8413
1749261014,1.83510000,245.70000000,1.8413
1749261014,1.83500000,20.70000000,1.8413
1749261014,1.83490000,245.70000000,1.8413
1749261014,1.83480000,5.50000000,1.8413
1749261014,1.83470000,5.50000000,1.8413
1749261014,1.83460000,9.60000000,1.8413
1749261014,1.83450000,5.50000000,1.8413
1749261014,1.83440000,5.50000000,1.8413
1749261014,1.83430000,35.90000000,1.8413
1749261014,1.83420000,247.80000000,1.8413
1749261014,1.83410000,283.50000000,1.8413
1749261014,1.83400000,5.50000000,1.8413
1749261014,1.83390000,73.40000000,1.8413
1749261014,1.83380000,283.40000000,1.8413
1749261014,1.83370000,9.60000000,1.8413
1749261014,1.83360000,239.10000000,1.8413
1749261014,1.83350000,12157.40000000,1.8413
1749261014,1.83340000,254.50000000,1.8413
1749261014,1.83330000,999.00000000,1.8413
1749261014,1.83280000,4.10000000,1.8413
1749261014,1.83270000,15.20000000,1.8413
1749261014,1.83260000,599.80000000,1.8413
1749261014,1.83240000,4.00000000,1.8413
1749261014,1.83210000,269.60000000,1.8413
1749261014,1.83200000,298.00000000,1.8413
1749261014,1.83190000,249.00000000,1.8413
1749261014,1.83180000,1791.60000000,1.8413
1749261014,1.83150000,7.90000000,1.8413
1749261014,1.83120000,239.30000000,1.8413
1749261014,1.83110000,284.80000000,1.8413
1749261014,1.83100000,4.10000000,1.8413
1749261014,1.83070000,1867.10000000,1.8413
1749261014,1.83060000,213.40000000,1.8413
1749261014,1.83050000,14153.80000000,1.8413
1749261014,1.83020000,193.20000000,1.8413
1749261014,1.83010000,19.30000000,1.8413
1749261014,1.83000000,7833.80000000,1.8413
1749261014,1.82960000,22280.00000000,1.8413
1749261014,1.82930000,15.20000000,1.8413
1749261321,1.83370000,28.20000000,1.8338
1749261321,1.83360000,5.50000000,1.8338
1749261321,1.83350000,115.60000000,1.8338
1749261321,1.83340000,367.00000000,1.8338
1749261321,1.83330000,226.80000000,1.8338
1749261321,1.83320000,74.00000000,1.8338
1749261321,1.83310000,189.80000000,1.8338
1749261321,1.83300000,174.10000000,1.8338
1749261321,1.83290000,562.10000000,1.8338
1749261321,1.83280000,142.20000000,1.8338
1749261321,1.83270000,281.30000000,1.8338
1749261321,1.83260000,228.70000000,1.8338
1749261321,1.83250000,164.80000000,1.8338
1749261321,1.83240000,277.20000000,1.8338
1749261321,1.83230000,492.70000000,1.8338
1749261321,1.83220000,929.40000000,1.8338
1749261321,1.83210000,563.10000000,1.8338
1749261321,1.83200000,248.70000000,1.8338
1749261321,1.83190000,401.30000000,1.8338
1749261321,1.83180000,555.10000000,1.8338
1749261321,1.83170000,1096.60000000,1.8338
1749261321,1.83160000,1950.50000000,1.8338
1749261321,1.83150000,758.70000000,1.8338
1749261321,1.83140000,763.80000000,1.8338
1749261321,1.83130000,984.80000000,1.8338
1749261321,1.83120000,1515.60000000,1.8338
1749261321,1.83110000,909.70000000,1.8338
1749261321,1.83100000,1226.70000000,1.8338
1749261321,1.83090000,2257.50000000,1.8338
1749261321,1.83080000,1574.70000000,1.8338
1749261321,1.83070000,5650.70000000,1.8338
1749261321,1.83060000,2473.00000000,1.8338
1749261321,1.83050000,931.70000000,1.8338
1749261321,1.83040000,270.60000000,1.8338
1749261321,1.83030000,462.00000000,1.8338
1749261321,1.83020000,716.20000000,1.8338
1749261321,1.83010000,2819.70000000,1.8338
1749261321,1.83000000,8147.10000000,1.8338
1749261321,1.82990000,2334.90000000,1.8338
1749261321,1.82980000,7071.50000000,1.8338
1749261321,1.82970000,519.90000000,1.8338
1749261321,1.82960000,1697.10000000,1.8338
1749261321,1.82950000,5186.30000000,1.8338
1749261321,1.82940000,141.50000000,1.8338
1749261321,1.82930000,363.00000000,1.8338
1749261321,1.82920000,300.50000000,1.8338
1749261321,1.82910000,643.00000000,1.8338
1749261321,1.82900000,422.20000000,1.8338
1749261321,1.82890000,141.50000000,1.8338
1749261321,1.82880000,145.50000000,1.8338
1749261321,1.82870000,381.20000000,1.8338
1749261321,1.82860000,240.60000000,1.8338
1749261321,1.82850000,419.80000000,1.8338
1749261321,1.82840000,141.80000000,1.8338
1749261321,1.82830000,171.60000000,1.8338
1749261321,1.82820000,385.50000000,1.8338
1749261321,1.82810000,5.50000000,1.8338
1749261321,1.82800000,245.20000000,1.8338
1749261321,1.82790000,5.50000000,1.8338
1749261321,1.82780000,5.50000000,1.8338
1749261321,1.82770000,5.50000000,1.8338
1749261321,1.82760000,172.80000000,1.8338
1749261321,1.82750000,283.40000000,1.8338
1749261321,1.82740000,14.80000000,1.8338
1749261321,1.82730000,118.00000000,1.8338
1749261321,1.82720000,245.20000000,1.8338
1749261321,1.82710000,5.50000000,1.8338
1749261321,1.82700000,9.50000000,1.8338
1749261321,1.82690000,245.20000000,1.8338
1749261321,1.82680000,5.50000000,1.8338
1749261321,1.82670000,10.90000000,1.8338
1749261321,1.82660000,283.50000000,1.8338
1749261321,1.82650000,9.60000000,1.8338
1749261321,1.82640000,30.70000000,1.8338
1749261321,1.82630000,5.50000000,1.8338
1749261321,1.82620000,857.80000000,1.8338
1749261321,1.82610000,240.10000000,1.8338
1749261321,1.82600000,277.90000000,1.8338
1749261321,1.82580000,255.70000000,1.8338
1749261321,1.82560000,4.10000000,1.8338
1749261321,1.82550000,54.30000000,1.8338
1749261321,1.82530000,12205.80000000,1.8338
1749261321,1.82520000,244.20000000,1.8338
1749261321,1.82510000,278.00000000,1.8338
1749261321,1.82500000,1293.70000000,1.8338
1749261321,1.82480000,8.00000000,1.8338
1749261321,1.82470000,13880.00000000,1.8338
1749261321,1.82450000,277.90000000,1.8338
1749261321,1.82440000,3.30000000,1.8338
1749261321,1.82410000,20645.10000000,1.8338
1749261321,1.82400000,1859.10000000,1.8338
1749261321,1.82390000,7.90000000,1.8338
1749261321,1.82380000,11.10000000,1.8338
1749261321,1.82370000,37.60000000,1.8338
1749261321,1.82360000,278.00000000,1.8338
1749261321,1.82340000,4.00000000,1.8338
1749261321,1.82330000,240.50000000,1.8338
1749261321,1.82320000,812.00000000,1.8338
1749261321,1.82290000,4.10000000,1.8338
1749261321,1.82270000,6.80000000,1.8338
1749261622,1.82820000,238.90000000,1.8285
1749261622,1.82810000,140.50000000,1.8285
1749261622,1.82800000,5.50000000,1.8285
1749261622,1.82790000,9.70000000,1.8285
1749261622,1.82780000,143.60000000,1.8285
1749261622,1.82770000,9.70000000,1.8285
1749261622,1.82760000,362.00000000,1.8285
1749261622,1.82750000,743.30000000,1.8285
1749261622,1.82740000,866.00000000,1.8285
1749261622,1.82730000,361.00000000,1.8285
1749261622,1.82720000,601.40000000,1.8285
1749261622,1.82710000,999.40000000,1.8285
1749261622,1.82700000,695.30000000,1.8285
1749261622,1.82690000,435.80000000,1.8285
1749261622,1.82680000,815.80000000,1.8285
1749261622,1.82670000,282.30000000,1.8285
1749261622,1.82660000,582.10000000,1.8285
1749261622,1.82650000,910.70000000,1.8285
1749261622,1.82640000,1005.40000000,1.8285
1749261622,1.82630000,3197.80000000,1.8285
1749261622,1.82620000,2034.20000000,1.8285
1749261622,1.82610000,3914.90000000,1.8285
1749261622,1.82600000,1785.00000000,1.8285
1749261622,1.82590000,624.40000000,1.8285
1749261622,1.82580000,455.40000000,1.8285
1749261622,1.82570000,959.80000000,1.8285
1749261622,1.82560000,702.80000000,1.8285
1749261622,1.82550000,547.40000000,1.8285
1749261622,1.82540000,244.00000000,1.8285
1749261622,1.82530000,715.20000000,1.8285
1749261622,1.82520000,1809.80000000,1.8285
1749261622,1.82510000,3397.80000000,1.8285
1749261622,1.82500000,8062.20000000,1.8285
1749261622,1.82490000,803.80000000,1.8285
1749261622,1.82480000,1260.30000000,1.8285
1749261622,1.82470000,418.70000000,1.8285
1749261622,1.82460000,574.40000000,1.8285
1749261622,1.82450000,571.60000000,1.8285
1749261622,1.82440000,162.90000000,1.8285
1749261622,1.82430000,294.60000000,1.8285
1749261622,1.82420000,486.40000000,1.8285
1749261622,1.82410000,294.60000000,1.8285
1749261622,1.82400000,237.60000000,1.8285
1749261622,1.82390000,302.60000000,1.8285
1749261622,1.82380000,163.90000000,1.8285
1749261622,1.82370000,5232.10000000,1.8285
1749261622,1.82360000,523.80000000,1.8285
1749261622,1.82350000,5.50000000,1.8285
1749261622,1.82340000,9.50000000,1.8285
1749261622,1.82330000,140.50000000,1.8285
1749261622,1.82320000,5.50000000,1.8285
1749261622,1.82310000,380.90000000,1.8285
1749261622,1.82300000,5.50000000,1.8285
1749261622,1.82290000,144.60000000,1.8285
1749261622,1.82280000,9.50000000,1.8285
1749261622,1.82270000,12.30000000,1.8285
1749261622,1.82260000,246.20000000,1.8285
1749261622,1.82250000,5.50000000,1.8285
1749261622,1.82240000,5.50000000,1.8285
1749261622,1.82230000,118.30000000,1.8285
1749261622,1.82220000,250.00000000,1.8285
1749261622,1.82210000,1122.50000000,1.8285
1749261622,1.82200000,9.60000000,1.8285
1749261622,1.82190000,5.50000000,1.8285
1749261622,1.82180000,5.50000000,1.8285
1749261622,1.82170000,5.50000000,1.8285
1749261622,1.82160000,250.00000000,1.8285
1749261622,1.82150000,283.40000000,1.8285
1749261622,1.82140000,246.00000000,1.8285
1749261622,1.82130000,150.00000000,1.8285
1749261622,1.82120000,5.50000000,1.8285
1749261622,1.82110000,9.60000000,1.8285
1749261622,1.82100000,5.50000000,1.8285
1749261622,1.82090000,5.50000000,1.8285
1749261622,1.82080000,20.20000000,1.8285
1749261622,1.82070000,75.20000000,1.8285
1749261622,1.82060000,240.90000000,1.8285
1749261622,1.82050000,278.00000000,1.8285
1749261622,1.82020000,19.50000000,1.8285
1749261622,1.82010000,248.80000000,1.8285
1749261622,1.82000000,2536.50000000,1.8285
1749261622,1.81990000,15.40000000,1.8285
1749261622,1.81980000,244.80000000,1.8285
1749261622,1.81950000,15.40000000,1.8285
1749261622,1.81940000,13287.30000000,1.8285
1749261622,1.81930000,1799.20000000,1.8285
1749261622,1.81920000,13875.90000000,1.8285
1749261622,1.81910000,21.70000000,1.8285
1749261622,1.81890000,26978.10000000,1.8285
1749261622,1.81880000,98.80000000,1.8285
1749261622,1.81860000,241.10000000,1.8285
1749261622,1.81850000,327.90000000,1.8285
1749261622,1.81840000,19.50000000,1.8285
1749261622,1.81830000,278.00000000,1.8285
1749261622,1.81820000,241.10000000,1.8285
1749261622,1.81810000,20404.70000000,1.8285
1749261622,1.81800000,4.00000000,1.8285
1749261622,1.81780000,256.50000000,1.8285
1749261622,1.81770000,456.00000000,1.8285
1749261622,1.81750000,4.10000000,1.8285
1749261923,1.82740000,5.50000000,1.8275
1749261923,1.82730000,5.50000000,1.8275
1749261923,1.82720000,5.50000000,1.8275
1749261923,1.82710000,5.50000000,1.8275
1749261923,1.82700000,5.50000000,1.8275
1749261923,1.82690000,35.20000000,1.8275
1749261923,1.82680000,81.00000000,1.8275
1749261923,1.82670000,148.70000000,1.8275
1749261923,1.82660000,532.30000000,1.8275
1749261923,1.82650000,1087.70000000,1.8275
1749261923,1.82640000,206.80000000,1.8275
1749261923,1.82630000,296.00000000,1.8275
1749261923,1.82620000,469.80000000,1.8275
1749261923,1.82610000,831.10000000,1.8275
1749261923,1.82600000,652.60000000,1.8275
1749261923,1.82590000,801.10000000,1.8275
1749261923,1.82580000,326.10000000,1.8275
1749261923,1.82570000,775.20000000,1.8275
1749261923,1.82560000,278.70000000,1.8275
1749261923,1.82550000,1142.10000000,1.8275
1749261923,1.82540000,3388.70000000,1.8275
1749261923,1.82530000,1497.80000000,1.8275
1749261923,1.82520000,506.40000000,1.8275
1749261923,1.82510000,651.00000000,1.8275
1749261923,1.82500000,706.90000000,1.8275
1749261923,1.82490000,588.80000000,1.8275
1749261923,1.82480000,1528.70000000,1.8275
1749261923,1.82470000,1022.10000000,1.8275
1749261923,1.82460000,769.20000000,1.8275
1749261923,1.82450000,1266.00000000,1.8275
1749261923,1.82440000,679.20000000,1.8275
1749261923,1.82430000,1772.90000000,1.8275
1749261923,1.82420000,346.50000000,1.8275
1749261923,1.82410000,383.20000000,1.8275
1749261923,1.82400000,235.50000000,1.8275
1749261923,1.82390000,2383.10000000,1.8275
1749261923,1.82380000,7217.80000000,1.8275
1749261923,1.82370000,1144.20000000,1.8275
1749261923,1.82360000,713.40000000,1.8275
1749261923,1.82350000,296.70000000,1.8275
1749261923,1.82340000,731.40000000,1.8275
1749261923,1.82330000,1521.50000000,1.8275
1749261923,1.82320000,409.60000000,1.8275
1749261923,1.82310000,840.40000000,1.8275
1749261923,1.82300000,157.40000000,1.8275
1749261923,1.82290000,295.60000000,1.8275
1749261923,1.82280000,214.80000000,1.8275
1749261923,1.82270000,5384.20000000,1.8275
1749261923,1.82260000,246.20000000,1.8275
1749261923,1.82250000,140.50000000,1.8275
1749261923,1.82240000,5.50000000,1.8275
1749261923,1.82230000,140.50000000,1.8275
1749261923,1.82220000,250.00000000,1.8275
1749261923,1.82210000,418.50000000,1.8275
1749261923,1.82200000,9.60000000,1.8275
1749261923,1.82190000,140.50000000,1.8275
1749261923,1.82180000,5.50000000,1.8275
1749261923,1.82170000,140.50000000,1.8275
1749261923,1.82160000,250.00000000,1.8275
1749261923,1.82150000,418.40000000,1.8275
1749261923,1.82140000,358.80000000,1.8275
1749261923,1.82130000,285.00000000,1.8275
1749261923,1.82120000,5.50000000,1.8275
1749261923,1.82110000,144.60000000,1.8275
1749261923,1.82100000,9.50000000,1.8275
1749261923,1.82090000,140.50000000,1.8275
1749261923,1.82080000,20.20000000,1.8275
1749261923,1.82070000,140.50000000,1.8275
1749261923,1.82060000,246.40000000,1.8275
1749261923,1.82050000,283.50000000,1.8275
1749261923,1.82040000,9.50000000,1.8275
1749261923,1.82030000,5.50000000,1.8275
1749261923,1.82020000,9.60000000,1.8275
1749261923,1.82010000,246.30000000,1.8275
1749261923,1.82000000,2632.00000000,1.8275
1749261923,1.81990000,5.50000000,1.8275
1749261923,1.81980000,250.30000000,1.8275
1749261923,1.81970000,5.50000000,1.8275
1749261923,1.81940000,240.90000000,1.8275
1749261923,1.81930000,1799.20000000,1.8275
1749261923,1.81910000,21.70000000,1.8275
1749261923,1.81900000,840.00000000,1.8275
1749261923,1.81880000,1171.80000000,1.8275
1749261923,1.81860000,295.40000000,1.8275
1749261923,1.81850000,12499.20000000,1.8275
1749261923,1.81840000,4.10000000,1.8275
1749261923,1.81830000,278.00000000,1.8275
1749261923,1.81820000,241.10000000,1.8275
1749261923,1.81810000,20404.70000000,1.8275
1749261923,1.81800000,4.00000000,1.8275
1749261923,1.81780000,241.10000000,1.8275
1749261923,1.81770000,456.00000000,1.8275
1749261923,1.81750000,272.30000000,1.8275
1749261923,1.81730000,84.00000000,1.8275
1749261923,1.81720000,2.80000000,1.8275
1749261923,1.81710000,249.50000000,1.8275
1749261923,1.81680000,278.00000000,1.8275
1749261923,1.81670000,14117.00000000,1.8275
1749261923,1.81660000,4.10000000,1.8275
1749261923,1.81650000,210.30000000,1.8275
1749262230,1.83670000,5.50000000,1.8368
1749262230,1.83660000,8.50000000,1.8368
1749262230,1.83650000,9.60000000,1.8368
1749262230,1.83640000,9.60000000,1.8368
1749262230,1.83630000,147.60000000,1.8368
1749262230,1.83620000,5.50000000,1.8368
1749262230,1.83610000,125.00000000,1.8368
1749262230,1.83600000,441.50000000,1.8368
1749262230,1.83590000,482.30000000,1.8368
1749262230,1.83580000,279.30000000,1.8368
1749262230,1.83570000,239.10000000,1.8368
1749262230,1.83560000,280.20000000,1.8368
1749262230,1.83550000,239.90000000,1.8368
1749262230,1.83540000,501.10000000,1.8368
1749262230,1.83530000,726.20000000,1.8368
1749262230,1.83520000,145.20000000,1.8368
1749262230,1.83510000,485.80000000,1.8368
1749262230,1.83500000,312.50000000,1.8368
1749262230,1.83490000,782.00000000,1.8368
1749262230,1.83480000,991.40000000,1.8368
1749262230,1.83470000,861.10000000,1.8368
1749262230,1.83460000,330.90000000,1.8368
1749262230,1.83450000,605.50000000,1.8368
1749262230,1.83440000,634.20000000,1.8368
1749262230,1.83430000,1514.30000000,1.8368
1749262230,1.83420000,1057.70000000,1.8368
1749262230,1.83410000,1696.60000000,1.8368
1749262230,1.83400000,3297.60000000,1.8368
1749262230,1.83390000,1862.60000000,1.8368
1749262230,1.83380000,1471.30000000,1.8368
1749262230,1.83370000,570.70000000,1.8368
1749262230,1.83360000,747.80000000,1.8368
1749262230,1.83350000,471.50000000,1.8368
1749262230,1.83340000,312.40000000,1.8368
1749262230,1.83330000,2051.50000000,1.8368
1749262230,1.83320000,5104.90000000,1.8368
1749262230,1.83310000,537.80000000,1.8368
1749262230,1.83300000,585.20000000,1.8368
1749262230,1.83290000,655.00000000,1.8368
1749262230,1.83280000,259.10000000,1.8368
1749262230,1.83270000,366.50000000,1.8368
1749262230,1.83260000,144.50000000,1.8368
1749262230,1.83250000,144.50000000,1.8368
1749262230,1.83240000,328.80000000,1.8368
1749262230,1.83230000,1057.20000000,1.8368
1749262230,1.83220000,278.20000000,1.8368
1749262230,1.83210000,382.90000000,1.8368
1749262230,1.83200000,664.30000000,1.8368
1749262230,1.83190000,9.60000000,1.8368
1749262230,1.83180000,422.40000000,1.8368
1749262230,1.83170000,5.50000000,1.8368
1749262230,1.83160000,140.50000000,1.8368
1749262230,1.83150000,13.40000000,1.8368
1749262230,1.83140000,6726.50000000,1.8368
1749262230,1.83130000,245.20000000,1.8368
1749262230,1.83120000,144.50000000,1.8368
1749262230,1.83110000,12.30000000,1.8368
1749262230,1.83100000,122.50000000,1.8368
1749262230,1.83090000,5.50000000,1.8368
1749262230,1.83080000,140.50000000,1.8368
1749262230,1.83070000,245.20000000,1.8368
1749262230,1.83060000,289.00000000,1.8368
1749262230,1.83050000,5.50000000,1.8368
1749262230,1.83040000,418.50000000,1.8368
1749262230,1.83030000,283.40000000,1.8368
1749262230,1.83020000,380.20000000,1.8368
1749262230,1.83010000,843.60000000,1.8368
1749262230,1.83000000,188.30000000,1.8368
1749262230,1.82990000,5.50000000,1.8368
1749262230,1.82980000,5.50000000,1.8368
1749262230,1.82970000,5.50000000,1.8368
1749262230,1.82960000,245.30000000,1.8368
1749262230,1.82950000,134.70000000,1.8368
1749262230,1.82940000,5.50000000,1.8368
1749262230,1.82930000,5.50000000,1.8368
1749262230,1.82920000,9.60000000,1.8368
1749262230,1.82910000,5.50000000,1.8368
1749262230,1.82880000,4.00000000,1.8368
1749262230,1.82870000,6.00000000,1.8368
1749262230,1.82860000,2119.20000000,1.8368
1749262230,1.82850000,12728.10000000,1.8368
1749262230,1.82830000,12.30000000,1.8368
1749262230,1.82780000,1602.20000000,1.8368
1749262230,1.82740000,4.20000000,1.8368
1749262230,1.82700000,4.00000000,1.8368
1749262230,1.82680000,278.00000000,1.8368
1749262230,1.82670000,277.90000000,1.8368
1749262230,1.82650000,4.20000000,1.8368
1749262230,1.82560000,4.20000000,1.8368
1749262230,1.82550000,5.40000000,1.8368
1749262230,1.82520000,4.00000000,1.8368
1749262230,1.82510000,555.90000000,1.8368
1749262230,1.82500000,200.50000000,1.8368
1749262230,1.82480000,8.00000000,1.8368
1749262230,1.82470000,4.20000000,1.8368
1749262230,1.82440000,3.30000000,1.8368
1749262230,1.82400000,74.00000000,1.8368
1749262230,1.82390000,1807.20000000,1.8368
1749262230,1.82380000,4.10000000,1.8368
1749262230,1.82370000,7.00000000,1.8368
1749262531,1.83870000,3.00000000,1.8394
1749262531,1.83850000,5.50000000,1.8394
1749262531,1.83840000,58.50000000,1.8394
1749262531,1.83830000,144.60000000,1.8394
1749262531,1.83820000,62.60000000,1.8394
1749262531,1.83810000,37.70000000,1.8394
1749262531,1.83800000,434.20000000,1.8394
1749262531,1.83790000,649.10000000,1.8394
1749262531,1.83780000,271.90000000,1.8394
1749262531,1.83770000,137.00000000,1.8394
1749262531,1.83760000,267.90000000,1.8394
1749262531,1.83750000,716.40000000,1.8394
1749262531,1.83740000,1731.70000000,1.8394
1749262531,1.83730000,1842.90000000,1.8394
1749262531,1.83720000,2526.60000000,1.8394
1749262531,1.83710000,2139.30000000,1.8394
1749262531,1.83700000,1241.80000000,1.8394
1749262531,1.83690000,1446.50000000,1.8394
1749262531,1.83680000,687.70000000,1.8394
1749262531,1.83670000,1311.60000000,1.8394
1749262531,1.83660000,3138.80000000,1.8394
1749262531,1.83650000,1533.30000000,1.8394
1749262531,1.83640000,550.60000000,1.8394
1749262531,1.83630000,136.60000000,1.8394
1749262531,1.83620000,467.20000000,1.8394
1749262531,1.83610000,640.80000000,1.8394
1749262531,1.83600000,1194.40000000,1.8394
1749262531,1.83590000,133.20000000,1.8394
1749262531,1.83580000,460.60000000,1.8394
1749262531,1.83570000,2042.30000000,1.8394
1749262531,1.83560000,5093.80000000,1.8394
1749262531,1.83550000,290.20000000,1.8394
1749262531,1.83540000,2592.90000000,1.8394
1749262531,1.83530000,7133.40000000,1.8394
1749262531,1.83520000,766.60000000,1.8394
1749262531,1.83510000,563.70000000,1.8394
1749262531,1.83500000,657.60000000,1.8394
1749262531,1.83490000,497.70000000,1.8394
1749262531,1.83480000,316.60000000,1.8394
1749262531,1.83470000,133.30000000,1.8394
1749262531,1.83460000,272.40000000,1.8394
1749262531,1.83450000,219.80000000,1.8394
1749262531,1.83440000,268.70000000,1.8394
1749262531,1.83430000,133.70000000,1.8394
1749262531,1.83420000,272.00000000,1.8394
1749262531,1.83410000,374.00000000,1.8394
1749262531,1.83400000,140.50000000,1.8394
1749262531,1.83390000,73.40000000,1.8394
1749262531,1.83380000,140.50000000,1.8394
1749262531,1.83370000,249.30000000,1.8394
1749262531,1.83360000,421.50000000,1.8394
1749262531,1.83350000,245.50000000,1.8394
1749262531,1.83340000,140.50000000,1.8394
1749262531,1.83330000,283.40000000,1.8394
1749262531,1.83320000,140.50000000,1.8394
1749262531,1.83310000,5.50000000,1.8394
1749262531,1.83300000,361.50000000,1.8394
1749262531,1.83290000,5.50000000,1.8394
1749262531,1.83280000,843.60000000,1.8394
1749262531,1.83270000,5.50000000,1.8394
1749262531,1.83260000,5.50000000,1.8394
1749262531,1.83250000,5.50000000,1.8394
1749262531,1.83240000,9.50000000,1.8394
1749262531,1.83230000,5.50000000,1.8394
1749262531,1.83220000,5.50000000,1.8394
1749262531,1.83210000,245.20000000,1.8394
1749262531,1.83200000,529.30000000,1.8394
1749262531,1.83190000,9.60000000,1.8394
1749262531,1.83180000,289.30000000,1.8394
1749262531,1.83170000,5.50000000,1.8394
1749262531,1.83160000,13881.40000000,1.8394
1749262531,1.83150000,13.40000000,1.8394
1749262531,1.83140000,5.50000000,1.8394
1749262531,1.83130000,245.20000000,1.8394
1749262531,1.83120000,5.50000000,1.8394
1749262531,1.83110000,12.30000000,1.8394
1749262531,1.83100000,4.10000000,1.8394
1749262531,1.83090000,129.10000000,1.8394
1749262531,1.83070000,12558.80000000,1.8394
1749262531,1.83060000,198.20000000,1.8394
1749262531,1.83040000,22475.60000000,1.8394
1749262531,1.83030000,277.90000000,1.8394
1749262531,1.83020000,239.70000000,1.8394
1749262531,1.83010000,4.10000000,1.8394
1749262531,1.83000000,214.40000000,1.8394
1749262531,1.82980000,239.40000000,1.8394
1749262531,1.82970000,27879.10000000,1.8394
1749262531,1.82920000,4.10000000,1.8394
1749262531,1.82910000,239.80000000,1.8394
1749262531,1.82900000,239.70000000,1.8394
1749262531,1.82890000,1780.40000000,1.8394
1749262531,1.82880000,4.00000000,1.8394
1749262531,1.82860000,98.80000000,1.8394
1749262531,1.82850000,555.90000000,1.8394
1749262531,1.82830000,9.40000000,1.8394
1749262531,1.82810000,239.70000000,1.8394
1749262531,1.82800000,258.60000000,1.8394
1749262531,1.82780000,1602.20000000,1.8394
1749262531,1.82770000,1877.60000000,1.8394
1749262531,1.82750000,11.60000000,1.8394
1749262833,1.83760000,140.50000000,1.8378
1749262833,1.83750000,277.30000000,1.8378
1749262833,1.83740000,140.50000000,1.8378
1749262833,1.83730000,233.90000000,1.8378
1749262833,1.83720000,458.50000000,1.8378
1749262833,1.83710000,9.60000000,1.8378
1749262833,1.83700000,177.10000000,1.8378
1749262833,1.83690000,266.20000000,1.8378
1749262833,1.83680000,358.30000000,1.8378
1749262833,1.83670000,1026.00000000,1.8378
1749262833,1.83660000,543.20000000,1.8378
1749262833,1.83650000,266.40000000,1.8378
1749262833,1.83640000,469.70000000,1.8378
1749262833,1.83630000,1514.00000000,1.8378
1749262833,1.83620000,814.10000000,1.8378
1749262833,1.83610000,476.30000000,1.8378
1749262833,1.83600000,1198.50000000,1.8378
1749262833,1.83590000,131.70000000,1.8378
1749262833,1.83580000,192.30000000,1.8378
1749262833,1.83570000,1044.10000000,1.8378
1749262833,1.83560000,2849.00000000,1.8378
1749262833,1.83550000,135.80000000,1.8378
1749262833,1.83540000,403.10000000,1.8378
1749262833,1.83530000,458.20000000,1.8378
1749262833,1.83520000,386.50000000,1.8378
1749262833,1.83510000,412.80000000,1.8378
1749262833,1.83500000,374.80000000,1.8378
1749262833,1.83490000,508.50000000,1.8378
1749262833,1.83480000,2595.30000000,1.8378
1749262833,1.83470000,8352.20000000,1.8378
1749262833,1.83460000,330.40000000,1.8378
1749262833,1.83450000,371.50000000,1.8378
1749262833,1.83440000,694.20000000,1.8378
1749262833,1.83430000,1636.10000000,1.8378
1749262833,1.83420000,622.80000000,1.8378
1749262833,1.83410000,128.30000000,1.8378
1749262833,1.83400000,434.70000000,1.8378
1749262833,1.83390000,571.20000000,1.8378
1749262833,1.83380000,1911.00000000,1.8378
1749262833,1.83370000,5251.20000000,1.8378
1749262833,1.83360000,309.50000000,1.8378
1749262833,1.83350000,404.20000000,1.8378
1749262833,1.83340000,1235.70000000,1.8378
1749262833,1.83330000,770.50000000,1.8378
1749262833,1.83320000,1219.10000000,1.8378
1749262833,1.83310000,366.30000000,1.8378
1749262833,1.83300000,144.50000000,1.8378
1749262833,1.83290000,8.30000000,1.8378
1749262833,1.83280000,144.60000000,1.8378
1749262833,1.83270000,5.50000000,1.8378
1749262833,1.83260000,380.50000000,1.8378
1749262833,1.83250000,5.50000000,1.8378
1749262833,1.83240000,144.50000000,1.8378
1749262833,1.83230000,117.80000000,1.8378
1749262833,1.83220000,140.50000000,1.8378
1749262833,1.83210000,245.20000000,1.8378
1749262833,1.83200000,664.30000000,1.8378
1749262833,1.83190000,9.60000000,1.8378
1749262833,1.83180000,476.90000000,1.8378
1749262833,1.83170000,5.50000000,1.8378
1749262833,1.83160000,140.50000000,1.8378
1749262833,1.83150000,13.40000000,1.8378
1749262833,1.83140000,13.50000000,1.8378
1749262833,1.83130000,245.20000000,1.8378
1749262833,1.83120000,140.50000000,1.8378
1749262833,1.83110000,12.30000000,1.8378
1749262833,1.83100000,9.60000000,1.8378
1749262833,1.83090000,244.90000000,1.8378
1749262833,1.83080000,840.50000000,1.8378
1749262833,1.83070000,88.90000000,1.8378
1749262833,1.83060000,203.70000000,1.8378
1749262833,1.83050000,244.90000000,1.8378
1749262833,1.83040000,283.50000000,1.8378
1749262833,1.83030000,283.40000000,1.8378
1749262833,1.83020000,5.50000000,1.8378
1749262833,1.83010000,9.60000000,1.8378
1749262833,1.83000000,214.40000000,1.8378
1749262833,1.82980000,239.40000000,1.8378
1749262833,1.82920000,4.10000000,1.8378
1749262833,1.82910000,239.60000000,1.8378
1749262833,1.82890000,239.60000000,1.8378
1749262833,1.82880000,2962.80000000,1.8378
1749262833,1.82870000,1083.00000000,1.8378
1749262833,1.82860000,12504.60000000,1.8378
1749262833,1.82850000,555.90000000,1.8378
1749262833,1.82840000,266.60000000,1.8378
1749262833,1.82830000,249.00000000,1.8378
1749262833,1.82780000,1842.20000000,1.8378
1749262833,1.82770000,13600.60000000,1.8378
1749262833,1.82760000,11.60000000,1.8378
1749262833,1.82740000,4.20000000,1.8378
1749262833,1.82710000,240.20000000,1.8378
1749262833,1.82700000,262.70000000,1.8378
1749262833,1.82690000,240.00000000,1.8378
1749262833,1.82680000,20668.30000000,1.8378
1749262833,1.82670000,277.90000000,1.8378
1749262833,1.82650000,4.20000000,1.8378
1749262833,1.82630000,4.00000000,1.8378
1749262833,1.82610000,239.90000000,1.8378
1749262833,1.82600000,1797.20000000,1.8378
1749263135,1.85000000,413.90000000,1.85
1749263135,1.84990000,275.50000000,1.85
1749263135,1.84980000,82.50000000,1.85
1749263135,1.84970000,9.60000000,1.85
1749263135,1.84960000,25.00000000,1.85
1749263135,1.84950000,29.10000000,1.85
1749263135,1.84940000,305.00000000,1.85
1749263135,1.84930000,170.70000000,1.85
1749263135,1.84920000,616.90000000,1.85
1749263135,1.84910000,565.40000000,1.85
1749263135,1.84900000,367.00000000,1.85
1749263135,1.84890000,990.10000000,1.85
1749263135,1.84880000,303.70000000,1.85
1749263135,1.84870000,398.00000000,1.85
1749263135,1.84860000,984.10000000,1.85
1749263135,1.84850000,1122.50000000,1.85
1749263135,1.84840000,810.40000000,1.85
1749263135,1.84830000,649.90000000,1.85
1749263135,1.84820000,1623.00000000,1.85
1749263135,1.84810000,844.30000000,1.85
1749263135,1.84800000,511.50000000,1.85
1749263135,1.84790000,1746.80000000,1.85
1749263135,1.84780000,3066.90000000,1.85
1749263135,1.84770000,523.70000000,1.85
1749263135,1.84760000,688.00000000,1.85
1749263135,1.84750000,1376.50000000,1.85
1749263135,1.84740000,2688.30000000,1.85
1749263135,1.84730000,1653.20000000,1.85
1749263135,1.84720000,377.10000000,1.85
1749263135,1.84710000,402.40000000,1.85
1749263135,1.84700000,252.30000000,1.85
1749263135,1.84690000,242.60000000,1.85
1749263135,1.84680000,587.60000000,1.85
1749263135,1.84670000,430.60000000,1.85
1749263135,1.84660000,203.80000000,1.85
1749263135,1.84650000,432.40000000,1.85
1749263135,1.84640000,817.30000000,1.85
1749263135,1.84630000,2367.10000000,1.85
1749263135,1.84620000,5266.70000000,1.85
1749263135,1.84610000,252.30000000,1.85
1749263135,1.84600000,278.50000000,1.85
1749263135,1.84590000,653.20000000,1.85
1749263135,1.84580000,410.20000000,1.85
1749263135,1.84570000,779.50000000,1.85
1749263135,1.84560000,1611.30000000,1.85
1749263135,1.84550000,2350.70000000,1.85
1749263135,1.84540000,6883.00000000,1.85
1749263135,1.84530000,194.90000000,1.85
1749263135,1.84520000,244.30000000,1.85
1749263135,1.84510000,439.20000000,1.85
1749263135,1.84500000,883.50000000,1.85
1749263135,1.84490000,140.50000000,1.85
1749263135,1.84480000,5.50000000,1.85
1749263135,1.84470000,140.50000000,1.85
1749263135,1.84460000,244.30000000,1.85
1749263135,1.84450000,144.60000000,1.85
1749263135,1.84440000,247.50000000,1.85
1749263135,1.84430000,140.50000000,1.85
1749263135,1.84420000,283.40000000,1.85
1749263135,1.84410000,418.50000000,1.85
1749263135,1.84400000,117.90000000,1.85
1749263135,1.84390000,140.50000000,1.85
1749263135,1.84380000,8.50000000,1.85
1749263135,1.84370000,140.50000000,1.85
1749263135,1.84360000,248.60000000,1.85
1749263135,1.84350000,140.50000000,1.85
1749263135,1.84340000,4.10000000,1.85
1749263135,1.84330000,5.50000000,1.85
1749263135,1.84320000,28.20000000,1.85
1749263135,1.84310000,379.50000000,1.85
1749263135,1.84300000,244.40000000,1.85
1749263135,1.84290000,140.50000000,1.85
1749263135,1.84280000,5.50000000,1.85
1749263135,1.84270000,1252.50000000,1.85
1749263135,1.84260000,283.50000000,1.85
1749263135,1.84250000,244.70000000,1.85
1749263135,1.84180000,4.10000000,1.85
1749263135,1.84160000,243.40000000,1.85
1749263135,1.84150000,12240.30000000,1.85
1749263135,1.84140000,242.30000000,1.85
1749263135,1.84120000,277.90000000,1.85
1749263135,1.84110000,278.00000000,1.85
1749263135,1.84090000,4.10000000,1.85
1749263135,1.84070000,239.30000000,1.85
1749263135,1.84020000,239.40000000,1.85
1749263135,1.84000000,1529.10000000,1.85
1749263135,1.83970000,277.90000000,1.85
1749263135,1.83960000,281.00000000,1.85
1749263135,1.83950000,6.80000000,1.85
1749263135,1.83920000,247.50000000,1.85
1749263135,1.83910000,4.10000000,1.85
1749263135,1.83900000,239.60000000,1.85
1749263135,1.83850000,1869.90000000,1.85
1749263135,1.83820000,521.60000000,1.85
1749263135,1.83810000,278.00000000,1.85
1749263135,1.83790000,2.80000000,1.85
1749263135,1.83780000,242.70000000,1.85
1749263135,1.83740000,5.20000000,1.85
1749263135,1.83730000,4.10000000,1.85
1749263135,1.83710000,239.80000000,1.85
1749263436,1.85110000,5.50000000,1.8513
1749263436,1.85100000,5.50000000,1.8513
1749263436,1.85090000,5.50000000,1.8513
1749263436,1.85080000,59.60000000,1.8513
1749263436,1.85070000,9.60000000,1.8513
1749263436,1.85060000,55.50000000,1.8513
1749263436,1.85050000,32.40000000,1.8513
1749263436,1.85040000,354.10000000,1.8513
1749263436,1.85030000,273.20000000,1.8513
1749263436,1.85020000,648.50000000,1.8513
1749263436,1.85010000,547.80000000,1.8513
1749263436,1.85000000,1838.90000000,1.8513
1749263436,1.84990000,366.30000000,1.8513
1749263436,1.84980000,1459.40000000,1.8513
1749263436,1.84970000,1735.20000000,1.8513
1749263436,1.84960000,507.10000000,1.8513
1749263436,1.84950000,505.50000000,1.8513
1749263436,1.84940000,1304.20000000,1.8513
1749263436,1.84930000,1347.00000000,1.8513
1749263436,1.84920000,1264.10000000,1.8513
1749263436,1.84910000,751.40000000,1.8513
1749263436,1.84900000,731.20000000,1.8513
1749263436,1.84890000,1115.10000000,1.8513
1749263436,1.84880000,821.60000000,1.8513
1749263436,1.84870000,699.40000000,1.8513
1749263436,1.84860000,903.90000000,1.8513
1749263436,1.84850000,2413.00000000,1.8513
1749263436,1.84840000,566.00000000,1.8513
1749263436,1.84830000,376.50000000,1.8513
1749263436,1.84820000,269.00000000,1.8513
1749263436,1.84810000,2245.10000000,1.8513
1749263436,1.84800000,7022.90000000,1.8513
1749263436,1.84790000,343.60000000,1.8513
1749263436,1.84780000,712.60000000,1.8513
1749263436,1.84770000,1259.70000000,1.8513
1749263436,1.84760000,2824.10000000,1.8513
1749263436,1.84750000,133.70000000,1.8513
1749263436,1.84740000,486.20000000,1.8513
1749263436,1.84730000,372.20000000,1.8513
1749263436,1.84720000,396.30000000,1.8513
1749263436,1.84710000,411.70000000,1.8513
1749263436,1.84700000,1826.10000000,1.8513
1749263436,1.84690000,5136.00000000,1.8513
1749263436,1.84680000,641.60000000,1.8513
1749263436,1.84670000,133.80000000,1.8513
1749263436,1.84660000,1344.90000000,1.8513
1749263436,1.84650000,139.10000000,1.8513
1749263436,1.84640000,140.50000000,1.8513
1749263436,1.84630000,9.60000000,1.8513
1749263436,1.84620000,382.10000000,1.8513
1749263436,1.84610000,5.50000000,1.8513
1749263436,1.84600000,5.50000000,1.8513
1749263436,1.84590000,283.40000000,1.8513
1749263436,1.84580000,244.00000000,1.8513
1749263436,1.84570000,5.50000000,1.8513
1749263436,1.84560000,286.50000000,1.8513
1749263436,1.84550000,117.20000000,1.8513
1749263436,1.84540000,836.60000000,1.8513
1749263436,1.84530000,5.50000000,1.8513
1749263436,1.84520000,244.30000000,1.8513
1749263436,1.84510000,5.50000000,1.8513
1749263436,1.84500000,11.50000000,1.8513
1749263436,1.84490000,50.40000000,1.8513
1749263436,1.84480000,5.50000000,1.8513
1749263436,1.84470000,5.50000000,1.8513
1749263436,1.84460000,244.30000000,1.8513
1749263436,1.84450000,9.60000000,1.8513
1749263436,1.84440000,244.50000000,1.8513
1749263436,1.84430000,5.50000000,1.8513
1749263436,1.84420000,283.40000000,1.8513
1749263436,1.84410000,283.50000000,1.8513
1749263436,1.84400000,119.90000000,1.8513
1749263436,1.84390000,73.40000000,1.8513
1749263436,1.84380000,5.50000000,1.8513
1749263436,1.84370000,13606.10000000,1.8513
1749263436,1.84360000,248.60000000,1.8513
1749263436,1.84350000,5.50000000,1.8513
1749263436,1.84320000,1769.50000000,1.8513
1749263436,1.84310000,239.00000000,1.8513
1749263436,1.84300000,238.90000000,1.8513
1749263436,1.84270000,282.00000000,1.8513
1749263436,1.84260000,327.30000000,1.8513
1749263436,1.84180000,4.10000000,1.8513
1749263436,1.84160000,4.30000000,1.8513
1749263436,1.84140000,3.00000000,1.8513
1749263436,1.84130000,8.00000000,1.8513
1749263436,1.84120000,12591.40000000,1.8513
1749263436,1.84110000,867.00000000,1.8513
1749263436,1.84090000,4.10000000,1.8513
1749263436,1.84000000,27212.50000000,1.8513
1749263436,1.83970000,277.90000000,1.8513
1749263436,1.83960000,281.00000000,1.8513
1749263436,1.83950000,22174.50000000,1.8513
1749263436,1.83930000,1866.00000000,1.8513
1749263436,1.83920000,7.90000000,1.8513
1749263436,1.83910000,4.10000000,1.8513
1749263436,1.83850000,98.80000000,1.8513
1749263436,1.83830000,43.30000000,1.8513
1749263436,1.83820000,1997.00000000,1.8513
1749263436,1.83810000,296.10000000,1.8513
1749263738,1.85010000,5.50000000,1.8502
1749263738,1.85000000,5.50000000,1.8502
1749263738,1.84990000,9.60000000,1.8502
1749263738,1.84980000,55.50000000,1.8502
1749263738,1.84970000,317.40000000,1.8502
1749263738,1.84960000,55.50000000,1.8502
1749263738,1.84950000,144.60000000,1.8502
1749263738,1.84940000,367.40000000,1.8502
1749263738,1.84930000,596.70000000,1.8502
1749263738,1.84920000,326.30000000,1.8502
1749263738,1.84910000,142.40000000,1.8502
1749263738,1.84900000,327.40000000,1.8502
1749263738,1.84890000,394.20000000,1.8502
1749263738,1.84880000,829.30000000,1.8502
1749263738,1.84870000,251.20000000,1.8502
1749263738,1.84860000,362.50000000,1.8502
1749263738,1.84850000,253.60000000,1.8502
1749263738,1.84840000,837.60000000,1.8502
1749263738,1.84830000,1236.60000000,1.8502
1749263738,1.84820000,1586.40000000,1.8502
1749263738,1.84810000,3004.40000000,1.8502
1749263738,1.84800000,856.40000000,1.8502
1749263738,1.84790000,1185.80000000,1.8502
1749263738,1.84780000,642.90000000,1.8502
1749263738,1.84770000,1319.90000000,1.8502
1749263738,1.84760000,1045.00000000,1.8502
1749263738,1.84750000,1510.40000000,1.8502
1749263738,1.84740000,476.50000000,1.8502
1749263738,1.84730000,380.40000000,1.8502
1749263738,1.84720000,401.80000000,1.8502
1749263738,1.84710000,423.00000000,1.8502
1749263738,1.84700000,272.90000000,1.8502
1749263738,1.84690000,404.20000000,1.8502
1749263738,1.84680000,979.30000000,1.8502
1749263738,1.84670000,1411.70000000,1.8502
1749263738,1.84660000,952.90000000,1.8502
1749263738,1.84650000,1147.40000000,1.8502
1749263738,1.84640000,413.90000000,1.8502
1749263738,1.84630000,296.50000000,1.8502
1749263738,1.84620000,514.60000000,1.8502
1749263738,1.84610000,2282.20000000,1.8502
1749263738,1.84600000,7409.20000000,1.8502
1749263738,1.84590000,656.10000000,1.8502
1749263738,1.84580000,715.60000000,1.8502
1749263738,1.84570000,845.80000000,1.8502
1749263738,1.84560000,554.20000000,1.8502
1749263738,1.84550000,138.00000000,1.8502
1749263738,1.84540000,144.60000000,1.8502
1749263738,1.84530000,1208.30000000,1.8502
1749263738,1.84520000,379.30000000,1.8502
1749263738,1.84510000,5.50000000,1.8502
1749263738,1.84500000,143.50000000,1.8502
1749263738,1.84490000,50.00000000,1.8502
1749263738,1.84480000,4884.90000000,1.8502
1749263738,1.84470000,5.50000000,1.8502
1749263738,1.84460000,379.30000000,1.8502
1749263738,1.84450000,9.60000000,1.8502
1749263738,1.84440000,247.50000000,1.8502
1749263738,1.84430000,5.50000000,1.8502
1749263738,1.84420000,395.10000000,1.8502
1749263738,1.84410000,283.50000000,1.8502
1749263738,1.84400000,119.90000000,1.8502
1749263738,1.84390000,73.40000000,1.8502
1749263738,1.84380000,8.50000000,1.8502
1749263738,1.84370000,5.50000000,1.8502
1749263738,1.84360000,270.10000000,1.8502
1749263738,1.84350000,5.50000000,1.8502
1749263738,1.84340000,5.50000000,1.8502
1749263738,1.84330000,5.50000000,1.8502
1749263738,1.84320000,8.50000000,1.8502
1749263738,1.84310000,1073.50000000,1.8502
1749263738,1.84300000,289.40000000,1.8502
1749263738,1.84290000,5.50000000,1.8502
1749263738,1.84280000,5.50000000,1.8502
1749263738,1.84270000,287.50000000,1.8502
1749263738,1.84260000,332.80000000,1.8502
1749263738,1.84250000,5.50000000,1.8502
1749263738,1.84200000,238.20000000,1.8502
1749263738,1.84180000,4.10000000,1.8502
1749263738,1.84140000,7.30000000,1.8502
1749263738,1.84130000,8.00000000,1.8502
1749263738,1.84120000,515.90000000,1.8502
1749263738,1.84110000,278.00000000,1.8502
1749263738,1.84090000,13604.70000000,1.8502
1749263738,1.84070000,1461.50000000,1.8502
1749263738,1.84060000,20383.40000000,1.8502
1749263738,1.84010000,238.10000000,1.8502
1749263738,1.84000000,27191.40000000,1.8502
1749263738,1.83970000,277.90000000,1.8502
1749263738,1.83960000,519.30000000,1.8502
1749263738,1.83950000,2029.40000000,1.8502
1749263738,1.83940000,1865.90000000,1.8502
1749263738,1.83930000,12086.50000000,1.8502
1749263738,1.83920000,7.90000000,1.8502
1749263738,1.83910000,4.10000000,1.8502
1749263738,1.83850000,98.80000000,1.8502
1749263738,1.83840000,238.40000000,1.8502
1749263738,1.83830000,4441.20000000,1.8502
1749263738,1.83820000,1997.00000000,1.8502
1749263738,1.83810000,278.00000000,1.8502
1749264040,1.86240000,166.20000000,1.8625
1749264040,1.86230000,5.40000000,1.8625
1749264040,1.86220000,5.40000000,1.8625
1749264040,1.86210000,12.50000000,1.8625
1749264040,1.86200000,190.40000000,1.8625
1749264040,1.86190000,188.10000000,1.8625
1749264040,1.86180000,253.90000000,1.8625
1749264040,1.86170000,368.30000000,1.8625
1749264040,1.86160000,288.00000000,1.8625
1749264040,1.86150000,486.00000000,1.8625
1749264040,1.86140000,557.10000000,1.8625
1749264040,1.86130000,1504.40000000,1.8625
1749264040,1.86120000,814.40000000,1.8625
1749264040,1.86110000,682.90000000,1.8625
1749264040,1.86100000,831.80000000,1.8625
1749264040,1.86090000,558.20000000,1.8625
1749264040,1.86080000,852.80000000,1.8625
1749264040,1.86070000,2736.20000000,1.8625
1749264040,1.86060000,1385.30000000,1.8625
1749264040,1.86050000,488.50000000,1.8625
1749264040,1.86040000,1180.00000000,1.8625
1749264040,1.86030000,1293.30000000,1.8625
1749264040,1.86020000,3179.90000000,1.8625
1749264040,1.86010000,3955.90000000,1.8625
1749264040,1.86000000,6658.10000000,1.8625
1749264040,1.85990000,8168.90000000,1.8625
1749264040,1.85980000,1402.50000000,1.8625
1749264040,1.85970000,807.60000000,1.8625
1749264040,1.85960000,141.20000000,1.8625
1749264040,1.85950000,416.60000000,1.8625
1749264040,1.85940000,468.00000000,1.8625
1749264040,1.85930000,276.50000000,1.8625
1749264040,1.85920000,141.60000000,1.8625
1749264040,1.85910000,461.80000000,1.8625
1749264040,1.85900000,617.20000000,1.8625
1749264040,1.85890000,281.10000000,1.8625
1749264040,1.85880000,299.20000000,1.8625
1749264040,1.85870000,514.00000000,1.8625
1749264040,1.85860000,382.70000000,1.8625
1749264040,1.85850000,514.10000000,1.8625
1749264040,1.85840000,142.00000000,1.8625
1749264040,1.85830000,277.10000000,1.8625
1749264040,1.85820000,275.50000000,1.8625
1749264040,1.85810000,420.10000000,1.8625
1749264040,1.85800000,383.40000000,1.8625
1749264040,1.85790000,5043.40000000,1.8625
1749264040,1.85780000,5.40000000,1.8625
1749264040,1.85770000,113.00000000,1.8625
1749264040,1.85760000,8.40000000,1.8625
1749264040,1.85750000,242.60000000,1.8625
1749264040,1.85740000,5.40000000,1.8625
1749264040,1.85730000,283.40000000,1.8625
1749264040,1.85720000,828.40000000,1.8625
1749264040,1.85710000,9.50000000,1.8625
1749264040,1.85700000,120.20000000,1.8625
1749264040,1.85690000,5.40000000,1.8625
1749264040,1.85680000,5.40000000,1.8625
1749264040,1.85670000,5.40000000,1.8625
1749264040,1.85660000,242.60000000,1.8625
1749264040,1.85650000,283.30000000,1.8625
1749264040,1.85640000,12.20000000,1.8625
1749264040,1.85630000,49.90000000,1.8625
1749264040,1.85620000,246.80000000,1.8625
1749264040,1.85610000,5.40000000,1.8625
1749264040,1.85600000,11.50000000,1.8625
1749264040,1.85590000,242.70000000,1.8625
1749264040,1.85580000,286.40000000,1.8625
1749264040,1.85570000,5.40000000,1.8625
1749264040,1.85560000,10.60000000,1.8625
1749264040,1.85550000,5.40000000,1.8625
1749264040,1.85540000,5.40000000,1.8625
1749264040,1.85530000,9.50000000,1.8625
1749264040,1.85520000,242.80000000,1.8625
1749264040,1.85510000,5.40000000,1.8625
1749264040,1.85500000,283.30000000,1.8625
1749264040,1.85490000,242.90000000,1.8625
1749264040,1.85460000,7.90000000,1.8625
1749264040,1.85440000,12264.70000000,1.8625
1749264040,1.85430000,1201.00000000,1.8625
1749264040,1.85410000,237.50000000,1.8625
1749264040,1.85400000,3.00000000,1.8625
1749264040,1.85390000,67.90000000,1.8625
1749264040,1.85380000,237.70000000,1.8625
1749264040,1.85350000,282.00000000,1.8625
1749264040,1.85310000,237.80000000,1.8625
1749264040,1.85300000,1771.30000000,1.8625
1749264040,1.85280000,278.00000000,1.8625
1749264040,1.85270000,237.80000000,1.8625
1749264040,1.85260000,4.10000000,1.8625
1749264040,1.85250000,2818.00000000,1.8625
1749264040,1.85220000,1856.00000000,1.8625
1749264040,1.85190000,515.80000000,1.8625
1749264040,1.85170000,4.10000000,1.8625
1749264040,1.85130000,278.00000000,1.8625
1749264040,1.85080000,4.10000000,1.8625
1749264040,1.85040000,280.90000000,1.8625
1749264040,1.85000000,182.80000000,1.8625
1749264040,1.84990000,4.10000000,1.8625
1749264040,1.84950000,3469.60000000,1.8625
1749264040,1.84940000,144.50000000,1.8625
1749264342,1.86440000,385.20000000,1.8644
1749264342,1.86430000,275.40000000,1.8644
1749264342,1.86420000,9.20000000,1.8644
1749264342,1.86410000,144.50000000,1.8644
1749264342,1.86400000,52.60000000,1.8644
1749264342,1.86390000,144.50000000,1.8644
1749264342,1.86380000,55.40000000,1.8644
1749264342,1.86370000,326.50000000,1.8644
1749264342,1.86360000,553.20000000,1.8644
1749264342,1.86350000,457.00000000,1.8644
1749264342,1.86340000,667.20000000,1.8644
1749264342,1.86330000,692.90000000,1.8644
1749264342,1.86320000,415.30000000,1.8644
1749264342,1.86310000,425.00000000,1.8644
1749264342,1.86300000,319.20000000,1.8644
1749264342,1.86290000,544.40000000,1.8644
1749264342,1.86280000,498.80000000,1.8644
1749264342,1.86270000,827.20000000,1.8644
1749264342,1.86260000,562.70000000,1.8644
1749264342,1.86250000,598.10000000,1.8644
1749264342,1.86240000,528.00000000,1.8644
1749264342,1.86230000,430.80000000,1.8644
1749264342,1.86220000,572.50000000,1.8644
1749264342,1.86210000,657.90000000,1.8644
1749264342,1.86200000,332.20000000,1.8644
1749264342,1.86190000,1469.60000000,1.8644
1749264342,1.86180000,4755.00000000,1.8644
1749264342,1.86170000,394.30000000,1.8644
1749264342,1.86160000,715.60000000,1.8644
1749264342,1.86150000,1169.70000000,1.8644
1749264342,1.86140000,905.10000000,1.8644
1749264342,1.86130000,1051.10000000,1.8644
1749264342,1.86120000,933.60000000,1.8644
1749264342,1.86110000,702.40000000,1.8644
1749264342,1.86100000,872.30000000,1.8644
1749264342,1.86090000,1578.80000000,1.8644
1749264342,1.86080000,429.10000000,1.8644
1749264342,1.86070000,157.20000000,1.8644
1749264342,1.86060000,156.10000000,1.8644
1749264342,1.86050000,619.50000000,1.8644
1749264342,1.86040000,1264.20000000,1.8644
1749264342,1.86030000,524.90000000,1.8644
1749264342,1.86020000,153.10000000,1.8644
1749264342,1.86010000,7725.50000000,1.8644
1749264342,1.86000000,1792.20000000,1.8644
1749264342,1.85990000,288.10000000,1.8644
1749264342,1.85980000,118.00000000,1.8644
1749264342,1.85970000,140.40000000,1.8644
1749264342,1.85960000,283.30000000,1.8644
1749264342,1.85950000,423.70000000,1.8644
1749264342,1.85940000,8.40000000,1.8644
1749264342,1.85930000,140.40000000,1.8644
1749264342,1.85920000,242.40000000,1.8644
1749264342,1.85910000,140.40000000,1.8644
1749264342,1.85900000,116.10000000,1.8644
1749264342,1.85890000,381.60000000,1.8644
1749264342,1.85880000,8.40000000,1.8644
1749264342,1.85870000,140.40000000,1.8644
1749264342,1.85860000,5.40000000,1.8644
1749264342,1.85850000,140.40000000,1.8644
1749264342,1.85840000,4872.80000000,1.8644
1749264342,1.85830000,140.40000000,1.8644
1749264342,1.85820000,53.00000000,1.8644
1749264342,1.85810000,377.50000000,1.8644
1749264342,1.85800000,287.40000000,1.8644
1749264342,1.85790000,140.40000000,1.8644
1749264342,1.85780000,520.50000000,1.8644
1749264342,1.85770000,251.70000000,1.8644
1749264342,1.85760000,8.40000000,1.8644
1749264342,1.85750000,242.60000000,1.8644
1749264342,1.85740000,828.40000000,1.8644
1749264342,1.85730000,5.40000000,1.8644
1749264342,1.85720000,5.40000000,1.8644
1749264342,1.85710000,9.50000000,1.8644
1749264342,1.85700000,5.40000000,1.8644
1749264342,1.85690000,5.40000000,1.8644
1749264342,1.85660000,237.20000000,1.8644
1749264342,1.85650000,277.90000000,1.8644
1749264342,1.85640000,6.80000000,1.8644
1749264342,1.85620000,241.40000000,1.8644
1749264342,1.85600000,6.10000000,1.8644
1749264342,1.85590000,237.30000000,1.8644
1749264342,1.85580000,281.00000000,1.8644
1749264342,1.85560000,1022.20000000,1.8644
1749264342,1.85530000,4.10000000,1.8644
1749264342,1.85520000,237.40000000,1.8644
1749264342,1.85500000,277.90000000,1.8644
1749264342,1.85490000,237.50000000,1.8644
1749264342,1.85480000,12262.20000000,1.8644
1749264342,1.85460000,56.90000000,1.8644
1749264342,1.85440000,4.10000000,1.8644
1749264342,1.85430000,278.00000000,1.8644
1749264342,1.85410000,237.50000000,1.8644
1749264342,1.85400000,3.00000000,1.8644
1749264342,1.85390000,67.90000000,1.8644
1749264342,1.85380000,237.70000000,1.8644
1749264342,1.85350000,282.00000000,1.8644
1749264342,1.85310000,237.80000000,1.8644
1749264342,1.85290000,20383.40000000,1.8644
1749264342,1.85280000,278.00000000,1.8644
1749264643,1.86660000,5.40000000,1.8662
1749264643,1.86650000,5.40000000,1.8662
1749264643,1.86640000,5.40000000,1.8662
1749264643,1.86630000,42.90000000,1.8662
1749264643,1.86620000,317.70000000,1.8662
1749264643,1.86610000,148.60000000,1.8662
1749264643,1.86600000,58.40000000,1.8662
1749264643,1.86590000,462.20000000,1.8662
1749264643,1.86580000,557.20000000,1.8662
1749264643,1.86570000,652.50000000,1.8662
1749264643,1.86560000,438.90000000,1.8662
1749264643,1.86550000,422.90000000,1.8662
1749264643,1.86540000,149.00000000,1.8662
1749264643,1.86530000,490.40000000,1.8662
1749264643,1.86520000,684.20000000,1.8662
1749264643,1.86510000,619.80000000,1.8662
1749264643,1.86500000,1268.30000000,1.8662
1749264643,1.86490000,586.70000000,1.8662
1749264643,1.86480000,958.80000000,1.8662
1749264643,1.86470000,1026.40000000,1.8662
1749264643,1.86460000,1664.70000000,1.8662
1749264643,1.86450000,587.30000000,1.8662
1749264643,1.86440000,3601.00000000,1.8662
1749264643,1.86430000,681.30000000,1.8662
1749264643,1.86420000,1242.20000000,1.8662
1749264643,1.86410000,814.40000000,1.8662
1749264643,1.86400000,1245.40000000,1.8662
1749264643,1.86390000,870.00000000,1.8662
1749264643,1.86380000,866.60000000,1.8662
1749264643,1.86370000,1088.60000000,1.8662
1749264643,1.86360000,235.00000000,1.8662
1749264643,1.86350000,280.50000000,1.8662
1749264643,1.86340000,315.10000000,1.8662
1749264643,1.86330000,994.70000000,1.8662
1749264643,1.86320000,1591.60000000,1.8662
1749264643,1.86310000,280.90000000,1.8662
1749264643,1.86300000,304.20000000,1.8662
1749264643,1.86290000,930.50000000,1.8662
1749264643,1.86280000,1669.10000000,1.8662
1749264643,1.86270000,923.40000000,1.8662
1749264643,1.86260000,302.50000000,1.8662
1749264643,1.86250000,2581.20000000,1.8662
1749264643,1.86240000,12077.50000000,1.8662
1749264643,1.86230000,367.50000000,1.8662
1749264643,1.86220000,146.00000000,1.8662
1749264643,1.86210000,517.60000000,1.8662
1749264643,1.86200000,189.30000000,1.8662
1749264643,1.86190000,140.40000000,1.8662
1749264643,1.86180000,245.10000000,1.8662
1749264643,1.86170000,140.40000000,1.8662
1749264643,1.86160000,9.50000000,1.8662
1749264643,1.86150000,5.40000000,1.8662
1749264643,1.86140000,5.40000000,1.8662
1749264643,1.86130000,1063.10000000,1.8662
1749264643,1.86120000,286.40000000,1.8662
1749264643,1.86110000,283.30000000,1.8662
1749264643,1.86100000,5.40000000,1.8662
1749264643,1.86090000,5.40000000,1.8662
1749264643,1.86080000,5.40000000,1.8662
1749264643,1.86070000,9.50000000,1.8662
1749264643,1.86060000,245.00000000,1.8662
1749264643,1.86050000,5.40000000,1.8662
1749264643,1.86040000,116.70000000,1.8662
1749264643,1.86030000,5.40000000,1.8662
1749264643,1.86020000,242.20000000,1.8662
1749264643,1.86010000,49.90000000,1.8662
1749264643,1.86000000,101.20000000,1.8662
1749264643,1.85990000,242.20000000,1.8662
1749264643,1.85980000,9.50000000,1.8662
1749264643,1.85970000,5.40000000,1.8662
1749264643,1.85960000,561.30000000,1.8662
1749264643,1.85950000,10.70000000,1.8662
1749264643,1.85940000,8.40000000,1.8662
1749264643,1.85930000,994.00000000,1.8662
1749264643,1.85920000,239.80000000,1.8662
1749264643,1.85900000,1196.60000000,1.8662
1749264643,1.85890000,2233.00000000,1.8662
1749264643,1.85840000,98.80000000,1.8662
1749264643,1.85820000,12140.50000000,1.8662
1749264643,1.85810000,237.10000000,1.8662
1749264643,1.85800000,313.60000000,1.8662
1749264643,1.85780000,515.10000000,1.8662
1749264643,1.85760000,3.00000000,1.8662
1749264643,1.85750000,237.20000000,1.8662
1749264643,1.85740000,82.20000000,1.8662
1749264643,1.85710000,4.10000000,1.8662
1749264643,1.85670000,1768.60000000,1.8662
1749264643,1.85650000,277.90000000,1.8662
1749264643,1.85640000,1760.80000000,1.8662
1749264643,1.85620000,4.10000000,1.8662
1749264643,1.85610000,236.20000000,1.8662
1749264643,1.85600000,6.10000000,1.8662
1749264643,1.85590000,13600.60000000,1.8662
1749264643,1.85580000,281.00000000,1.8662
1749264643,1.85560000,5.20000000,1.8662
1749264643,1.85530000,4.10000000,1.8662
1749264643,1.85500000,277.90000000,1.8662
1749264643,1.85460000,56.90000000,1.8662
1749264643,1.85450000,26853.90000000,1.8662
1749264643,1.85440000,4.10000000,1.8662
1749264950,1.87890000,5.40000000,1.8793
1749264950,1.87880000,5.40000000,1.8793
1749264950,1.87870000,9.40000000,1.8793
1749264950,1.87860000,190.40000000,1.8793
1749264950,1.87850000,123.00000000,1.8793
1749264950,1.87840000,350.00000000,1.8793
1749264950,1.87830000,457.10000000,1.8793
1749264950,1.87820000,157.20000000,1.8793
1749264950,1.87810000,368.20000000,1.8793
1749264950,1.87800000,157.20000000,1.8793
1749264950,1.87790000,161.20000000,1.8793
1749264950,1.87780000,813.30000000,1.8793
1749264950,1.87770000,289.80000000,1.8793
1749264950,1.87760000,428.70000000,1.8793
1749264950,1.87750000,217.30000000,1.8793
1749264950,1.87740000,326.40000000,1.8793
1749264950,1.87730000,794.00000000,1.8793
1749264950,1.87720000,925.80000000,1.8793
1749264950,1.87710000,997.00000000,1.8793
1749264950,1.87700000,3494.00000000,1.8793
1749264950,1.87690000,2960.80000000,1.8793
1749264950,1.87680000,650.70000000,1.8793
1749264950,1.87670000,1509.20000000,1.8793
1749264950,1.87660000,953.50000000,1.8793
1749264950,1.87650000,296.20000000,1.8793
1749264950,1.87640000,478.60000000,1.8793
1749264950,1.87630000,557.30000000,1.8793
1749264950,1.87620000,938.60000000,1.8793
1749264950,1.87610000,1106.40000000,1.8793
1749264950,1.87600000,1223.20000000,1.8793
1749264950,1.87590000,829.80000000,1.8793
1749264950,1.87580000,157.00000000,1.8793
1749264950,1.87570000,296.00000000,1.8793
1749264950,1.87560000,394.90000000,1.8793
1749264950,1.87550000,497.00000000,1.8793
1749264950,1.87540000,2986.40000000,1.8793
1749264950,1.87530000,326.70000000,1.8793
1749264950,1.87520000,565.30000000,1.8793
1749264950,1.87510000,938.30000000,1.8793
1749264950,1.87500000,1079.00000000,1.8793
1749264950,1.87490000,288.60000000,1.8793
1749264950,1.87480000,208.00000000,1.8793
1749264950,1.87470000,415.90000000,1.8793
1749264950,1.87460000,388.40000000,1.8793
1749264950,1.87450000,522.70000000,1.8793
1749264950,1.87440000,155.70000000,1.8793
1749264950,1.87430000,290.20000000,1.8793
1749264950,1.87420000,159.20000000,1.8793
1749264950,1.87410000,293.20000000,1.8793
1749264950,1.87400000,390.30000000,1.8793
1749264950,1.87390000,290.50000000,1.8793
1749264950,1.87380000,5133.90000000,1.8793
1749264950,1.87370000,658.70000000,1.8793
1749264950,1.87360000,7029.20000000,1.8793
1749264950,1.87350000,290.80000000,1.8793
1749264950,1.87340000,433.70000000,1.8793
1749264950,1.87330000,808.00000000,1.8793
1749264950,1.87320000,159.40000000,1.8793
1749264950,1.87310000,291.90000000,1.8793
1749264950,1.87300000,210.40000000,1.8793
1749264950,1.87290000,140.40000000,1.8793
1749264950,1.87280000,116.80000000,1.8793
1749264950,1.87270000,140.40000000,1.8793
1749264950,1.87260000,243.50000000,1.8793
1749264950,1.87250000,375.50000000,1.8793
1749264950,1.87240000,9.50000000,1.8793
1749264950,1.87230000,140.40000000,1.8793
1749264950,1.87220000,5.40000000,1.8793
1749264950,1.87210000,5.40000000,1.8793
1749264950,1.87200000,8.40000000,1.8793
1749264950,1.87190000,283.30000000,1.8793
1749264950,1.87180000,283.40000000,1.8793
1749264950,1.87170000,5.40000000,1.8793
1749264950,1.87160000,240.80000000,1.8793
1749264950,1.87150000,48.00000000,1.8793
1749264950,1.87140000,3.00000000,1.8793
1749264950,1.87110000,235.50000000,1.8793
1749264950,1.87080000,235.50000000,1.8793
1749264950,1.87060000,16.80000000,1.8793
1749264950,1.87040000,277.90000000,1.8793
1749264950,1.87030000,278.00000000,1.8793
1749264950,1.87020000,825.90000000,1.8793
1749264950,1.87010000,235.60000000,1.8793
1749264950,1.86980000,12595.00000000,1.8793
1749264950,1.86970000,4.10000000,1.8793
1749264950,1.86920000,235.70000000,1.8793
1749264950,1.86890000,513.60000000,1.8793
1749264950,1.86880000,282.10000000,1.8793
1749264950,1.86840000,1244.30000000,1.8793
1749264950,1.86810000,235.90000000,1.8793
1749264950,1.86790000,240.00000000,1.8793
1749264950,1.86760000,163.90000000,1.8793
1749264950,1.86750000,235.90000000,1.8793
1749264950,1.86740000,277.90000000,1.8793
1749264950,1.86730000,278.00000000,1.8793
1749264950,1.86700000,4.10000000,1.8793
1749264950,1.86690000,236.00000000,1.8793
1749264950,1.86670000,48.70000000,1.8793
1749264950,1.86660000,3.00000000,1.8793
1749264950,1.86650000,236.00000000,1.8793
1749265251,1.86440000,210.70000000,1.8653
1749265251,1.86430000,140.40000000,1.8653
1749265251,1.86420000,140.40000000,1.8653
1749265251,1.86410000,9.50000000,1.8653
1749265251,1.86400000,212.40000000,1.8653
1749265251,1.86390000,320.70000000,1.8653
1749265251,1.86380000,55.40000000,1.8653
1749265251,1.86370000,320.10000000,1.8653
1749265251,1.86360000,1101.20000000,1.8653
1749265251,1.86350000,1379.70000000,1.8653
1749265251,1.86340000,758.80000000,1.8653
1749265251,1.86330000,981.20000000,1.8653
1749265251,1.86320000,783.30000000,1.8653
1749265251,1.86310000,616.30000000,1.8653
1749265251,1.86300000,620.60000000,1.8653
1749265251,1.86290000,166.70000000,1.8653
1749265251,1.86280000,549.40000000,1.8653
1749265251,1.86270000,1263.60000000,1.8653
1749265251,1.86260000,2752.10000000,1.8653
1749265251,1.86250000,1552.30000000,1.8653
1749265251,1.86240000,671.60000000,1.8653
1749265251,1.86230000,502.30000000,1.8653
1749265251,1.86220000,806.50000000,1.8653
1749265251,1.86210000,459.70000000,1.8653
1749265251,1.86200000,384.20000000,1.8653
1749265251,1.86190000,403.50000000,1.8653
1749265251,1.86180000,355.30000000,1.8653
1749265251,1.86170000,465.30000000,1.8653
1749265251,1.86160000,976.10000000,1.8653
1749265251,1.86150000,1116.20000000,1.8653
1749265251,1.86140000,1187.50000000,1.8653
1749265251,1.86130000,491.80000000,1.8653
1749265251,1.86120000,436.70000000,1.8653
1749265251,1.86110000,1648.30000000,1.8653
1749265251,1.86100000,538.90000000,1.8653
1749265251,1.86090000,795.70000000,1.8653
1749265251,1.86080000,504.20000000,1.8653
1749265251,1.86070000,781.90000000,1.8653
1749265251,1.86060000,4056.50000000,1.8653
1749265251,1.86050000,578.10000000,1.8653
1749265251,1.86040000,1413.60000000,1.8653
1749265251,1.86030000,258.50000000,1.8653
1749265251,1.86020000,299.80000000,1.8653
1749265251,1.86010000,164.80000000,1.8653
1749265251,1.86000000,170.60000000,1.8653
1749265251,1.85990000,422.50000000,1.8653
1749265251,1.85980000,713.00000000,1.8653
1749265251,1.85970000,615.00000000,1.8653
1749265251,1.85960000,719.00000000,1.8653
1749265251,1.85950000,168.40000000,1.8653
1749265251,1.85940000,179.40000000,1.8653
1749265251,1.85930000,163.10000000,1.8653
1749265251,1.85920000,285.60000000,1.8653
1749265251,1.85910000,398.90000000,1.8653
1749265251,1.85900000,398.90000000,1.8653
1749265251,1.85890000,398.20000000,1.8653
1749265251,1.85880000,5112.10000000,1.8653
1749265251,1.85870000,5.40000000,1.8653
1749265251,1.85860000,5.40000000,1.8653
1749265251,1.85850000,6989.10000000,1.8653
1749265251,1.85840000,104.20000000,1.8653
1749265251,1.85830000,241.50000000,1.8653
1749265251,1.85820000,53.00000000,1.8653
1749265251,1.85810000,5.40000000,1.8653
1749265251,1.85800000,319.00000000,1.8653
1749265251,1.85790000,241.70000000,1.8653
1749265251,1.85780000,291.40000000,1.8653
1749265251,1.85770000,89.50000000,1.8653
1749265251,1.85760000,8.40000000,1.8653
1749265251,1.85750000,5.40000000,1.8653
1749265251,1.85740000,87.60000000,1.8653
1749265251,1.85730000,5.40000000,1.8653
1749265251,1.85720000,241.30000000,1.8653
1749265251,1.85710000,9.50000000,1.8653
1749265251,1.85700000,134.60000000,1.8653
1749265251,1.85690000,5.40000000,1.8653
1749265251,1.85660000,236.10000000,1.8653
1749265251,1.85650000,277.90000000,1.8653
1749265251,1.85640000,1066.10000000,1.8653
1749265251,1.85630000,1192.20000000,1.8653
1749265251,1.85620000,133.20000000,1.8653
1749265251,1.85610000,127.40000000,1.8653
1749265251,1.85600000,6.10000000,1.8653
1749265251,1.85580000,281.00000000,1.8653
1749265251,1.85570000,236.20000000,1.8653
1749265251,1.85560000,5.20000000,1.8653
1749265251,1.85530000,4.10000000,1.8653
1749265251,1.85520000,118.00000000,1.8653
1749265251,1.85510000,236.60000000,1.8653
1749265251,1.85500000,277.90000000,1.8653
1749265251,1.85490000,236.30000000,1.8653
1749265251,1.85460000,56.90000000,1.8653
1749265251,1.85440000,12230.60000000,1.8653
1749265251,1.85430000,278.00000000,1.8653
1749265251,1.85420000,236.40000000,1.8653
1749265251,1.85400000,3.00000000,1.8653
1749265251,1.85390000,67.90000000,1.8653
1749265251,1.85370000,21353.60000000,1.8653
1749265251,1.85360000,236.40000000,1.8653
1749265251,1.85350000,282.00000000,1.8653
1749265553,1.87010000,371.80000000,1.8702
1749265553,1.87000000,190.40000000,1.8702
1749265553,1.86990000,276.60000000,1.8702
1749265553,1.86980000,55.40000000,1.8702
1749265553,1.86970000,173.90000000,1.8702
1749265553,1.86960000,565.80000000,1.8702
1749265553,1.86950000,829.00000000,1.8702
1749265553,1.86940000,715.50000000,1.8702
1749265553,1.86930000,1248.90000000,1.8702
1749265553,1.86920000,348.00000000,1.8702
1749265553,1.86910000,279.50000000,1.8702
1749265553,1.86900000,401.40000000,1.8702
1749265553,1.86890000,302.60000000,1.8702
1749265553,1.86880000,451.60000000,1.8702
1749265553,1.86870000,305.10000000,1.8702
1749265553,1.86860000,242.40000000,1.8702
1749265553,1.86850000,447.10000000,1.8702
1749265553,1.86840000,644.70000000,1.8702
1749265553,1.86830000,661.30000000,1.8702
1749265553,1.86820000,609.30000000,1.8702
1749265553,1.86810000,997.80000000,1.8702
1749265553,1.86800000,797.90000000,1.8702
1749265553,1.86790000,1373.60000000,1.8702
1749265553,1.86780000,795.50000000,1.8702
1749265553,1.86770000,1779.90000000,1.8702
1749265553,1.86760000,480.10000000,1.8702
1749265553,1.86750000,815.80000000,1.8702
1749265553,1.86740000,271.20000000,1.8702
1749265553,1.86730000,546.00000000,1.8702
1749265553,1.86720000,1221.50000000,1.8702
1749265553,1.86710000,538.10000000,1.8702
1749265553,1.86700000,329.30000000,1.8702
1749265553,1.86690000,541.10000000,1.8702
1749265553,1.86680000,2927.90000000,1.8702
1749265553,1.86670000,3624.80000000,1.8702
1749265553,1.86660000,252.70000000,1.8702
1749265553,1.86650000,434.80000000,1.8702
1749265553,1.86640000,892.70000000,1.8702
1749265553,1.86630000,1412.50000000,1.8702
1749265553,1.86620000,1883.40000000,1.8702
1749265553,1.86610000,306.50000000,1.8702
1749265553,1.86600000,283.00000000,1.8702
1749265553,1.86590000,620.90000000,1.8702
1749265553,1.86580000,207.80000000,1.8702
1749265553,1.86570000,298.30000000,1.8702
1749265553,1.86560000,249.80000000,1.8702
1749265553,1.86550000,298.30000000,1.8702
1749265553,1.86540000,656.80000000,1.8702
1749265553,1.86530000,1735.90000000,1.8702
1749265553,1.86520000,328.90000000,1.8702
1749265553,1.86510000,534.30000000,1.8702
1749265553,1.86500000,163.30000000,1.8702
1749265553,1.86490000,170.10000000,1.8702
1749265553,1.86480000,393.70000000,1.8702
1749265553,1.86470000,560.80000000,1.8702
1749265553,1.86460000,398.70000000,1.8702
1749265553,1.86450000,282.80000000,1.8702
1749265553,1.86440000,398.70000000,1.8702
1749265553,1.86430000,7040.70000000,1.8702
1749265553,1.86420000,444.10000000,1.8702
1749265553,1.86410000,5.40000000,1.8702
1749265553,1.86400000,247.00000000,1.8702
1749265553,1.86390000,5.40000000,1.8702
1749265553,1.86380000,115.70000000,1.8702
1749265553,1.86370000,215.50000000,1.8702
1749265553,1.86360000,8.40000000,1.8702
1749265553,1.86350000,5.40000000,1.8702
1749265553,1.86340000,245.00000000,1.8702
1749265553,1.86330000,4809.40000000,1.8702
1749265553,1.86320000,5.40000000,1.8702
1749265553,1.86310000,5.40000000,1.8702
1749265553,1.86300000,8.40000000,1.8702
1749265553,1.86290000,5.40000000,1.8702
1749265553,1.86280000,283.40000000,1.8702
1749265553,1.86270000,283.30000000,1.8702
1749265553,1.86260000,1061.90000000,1.8702
1749265553,1.86250000,4.10000000,1.8702
1749265553,1.86240000,7.90000000,1.8702
1749265553,1.86220000,235.50000000,1.8702
1749265553,1.86190000,235.50000000,1.8702
1749265553,1.86160000,4.10000000,1.8702
1749265553,1.86120000,238.50000000,1.8702
1749265553,1.86110000,555.90000000,1.8702
1749265553,1.86080000,1140.60000000,1.8702
1749265553,1.86070000,239.60000000,1.8702
1749265553,1.86010000,84.00000000,1.8702
1749265553,1.86000000,2.80000000,1.8702
1749265553,1.85980000,4.10000000,1.8702
1749265553,1.85960000,791.80000000,1.8702
1749265553,1.85950000,12026.60000000,1.8702
1749265553,1.85940000,69.70000000,1.8702
1749265553,1.85920000,238.30000000,1.8702
1749265553,1.85890000,148.60000000,1.8702
1749265553,1.85870000,236.10000000,1.8702
1749265553,1.85860000,808.00000000,1.8702
1749265553,1.85850000,1847.70000000,1.8702
1749265553,1.85840000,98.80000000,1.8702
1749265553,1.85830000,1767.10000000,1.8702
1749265553,1.85800000,313.60000000,1.8702
1749265553,1.85780000,286.00000000,1.8702
1749265854,1.86960000,73.40000000,1.8696
1749265854,1.86950000,9.50000000,1.8696
1749265854,1.86940000,55.40000000,1.8696
1749265854,1.86930000,15.50000000,1.8696
1749265854,1.86920000,208.20000000,1.8696
1749265854,1.86910000,299.50000000,1.8696
1749265854,1.86900000,612.70000000,1.8696
1749265854,1.86890000,330.40000000,1.8696
1749265854,1.86880000,553.20000000,1.8696
1749265854,1.86870000,715.10000000,1.8696
1749265854,1.86860000,248.30000000,1.8696
1749265854,1.86850000,300.90000000,1.8696
1749265854,1.86840000,602.40000000,1.8696
1749265854,1.86830000,1759.60000000,1.8696
1749265854,1.86820000,816.80000000,1.8696
1749265854,1.86810000,1118.40000000,1.8696
1749265854,1.86800000,1418.60000000,1.8696
1749265854,1.86790000,1815.30000000,1.8696
1749265854,1.86780000,441.00000000,1.8696
1749265854,1.86770000,1084.30000000,1.8696
1749265854,1.86760000,3500.30000000,1.8696
1749265854,1.86750000,1355.00000000,1.8696
1749265854,1.86740000,540.00000000,1.8696
1749265854,1.86730000,469.80000000,1.8696
1749265854,1.86720000,300.00000000,1.8696
1749265854,1.86710000,282.40000000,1.8696
1749265854,1.86700000,535.10000000,1.8696
1749265854,1.86690000,648.10000000,1.8696
1749265854,1.86680000,531.20000000,1.8696
1749265854,1.86670000,301.30000000,1.8696
1749265854,1.86660000,326.40000000,1.8696
1749265854,1.86650000,993.80000000,1.8696
1749265854,1.86640000,1232.40000000,1.8696
1749265854,1.86630000,290.50000000,1.8696
1749265854,1.86620000,2561.40000000,1.8696
1749265854,1.86610000,7434.70000000,1.8696
1749265854,1.86600000,420.10000000,1.8696
1749265854,1.86590000,513.80000000,1.8696
1749265854,1.86580000,1072.70000000,1.8696
1749265854,1.86570000,1889.80000000,1.8696
1749265854,1.86560000,297.60000000,1.8696
1749265854,1.86550000,398.80000000,1.8696
1749265854,1.86540000,387.30000000,1.8696
1749265854,1.86530000,162.80000000,1.8696
1749265854,1.86520000,301.90000000,1.8696
1749265854,1.86510000,162.80000000,1.8696
1749265854,1.86500000,4967.80000000,1.8696
1749265854,1.86490000,248.40000000,1.8696
1749265854,1.86480000,148.60000000,1.8696
1749265854,1.86470000,5.40000000,1.8696
1749265854,1.86460000,418.40000000,1.8696
1749265854,1.86450000,5.40000000,1.8696
1749265854,1.86440000,5.40000000,1.8696
1749265854,1.86430000,9.50000000,1.8696
1749265854,1.86420000,421.30000000,1.8696
1749265854,1.86410000,240.50000000,1.8696
1749265854,1.86400000,256.80000000,1.8696
1749265854,1.86390000,117.80000000,1.8696
1749265854,1.86380000,140.40000000,1.8696
1749265854,1.86370000,5.40000000,1.8696
1749265854,1.86360000,378.50000000,1.8696
1749265854,1.86350000,825.40000000,1.8696
1749265854,1.86340000,144.50000000,1.8696
1749265854,1.86330000,240.70000000,1.8696
1749265854,1.86320000,5.40000000,1.8696
1749265854,1.86310000,5.40000000,1.8696
1749265854,1.86300000,8.40000000,1.8696
1749265854,1.86290000,5.40000000,1.8696
1749265854,1.86280000,283.40000000,1.8696
1749265854,1.86270000,283.30000000,1.8696
1749265854,1.86260000,240.80000000,1.8696
1749265854,1.86250000,9.50000000,1.8696
1749265854,1.86240000,13.30000000,1.8696
1749265854,1.86230000,5.40000000,1.8696
1749265854,1.86220000,244.00000000,1.8696
1749265854,1.86210000,5.40000000,1.8696
1749265854,1.86170000,322.30000000,1.8696
1749265854,1.86160000,4.10000000,1.8696
1749265854,1.86120000,238.70000000,1.8696
1749265854,1.86110000,555.90000000,1.8696
1749265854,1.86070000,4.10000000,1.8696
1749265854,1.86060000,235.70000000,1.8696
1749265854,1.86050000,117.70000000,1.8696
1749265854,1.86030000,12172.00000000,1.8696
1749265854,1.86020000,1271.10000000,1.8696
1749265854,1.86000000,2.80000000,1.8696
1749265854,1.85980000,4.10000000,1.8696
1749265854,1.85970000,235.90000000,1.8696
1749265854,1.85960000,555.90000000,1.8696
1749265854,1.85950000,5.30000000,1.8696
1749265854,1.85940000,16.30000000,1.8696
1749265854,1.85920000,2.80000000,1.8696
1749265854,1.85910000,235.90000000,1.8696
1749265854,1.85890000,148.60000000,1.8696
1749265854,1.85870000,13600.60000000,1.8696
1749265854,1.85860000,235.70000000,1.8696
1749265854,1.85850000,2002.80000000,1.8696
1749265854,1.85840000,1850.90000000,1.8696
1749265854,1.85820000,127.30000000,1.8696
1749265854,1.85800000,313.60000000,1.8696
1749266156,1.86920000,135.00000000,1.8696
1749266156,1.86910000,204.80000000,1.8696
1749266156,1.86900000,143.40000000,1.8696
1749266156,1.86890000,9.50000000,1.8696
1749266156,1.86880000,291.60000000,1.8696
1749266156,1.86870000,12.50000000,1.8696
1749266156,1.86860000,117.70000000,1.8696
1749266156,1.86850000,549.90000000,1.8696
1749266156,1.86840000,1448.70000000,1.8696
1749266156,1.86830000,823.50000000,1.8696
1749266156,1.86820000,456.10000000,1.8696
1749266156,1.86810000,981.30000000,1.8696
1749266156,1.86800000,438.90000000,1.8696
1749266156,1.86790000,508.60000000,1.8696
1749266156,1.86780000,496.80000000,1.8696
1749266156,1.86770000,1079.10000000,1.8696
1749266156,1.86760000,401.50000000,1.8696
1749266156,1.86750000,668.60000000,1.8696
1749266156,1.86740000,1910.70000000,1.8696
1749266156,1.86730000,1580.40000000,1.8696
1749266156,1.86720000,1284.90000000,1.8696
1749266156,1.86710000,575.80000000,1.8696
1749266156,1.86700000,1087.20000000,1.8696
1749266156,1.86690000,594.00000000,1.8696
1749266156,1.86680000,665.50000000,1.8696
1749266156,1.86670000,1407.70000000,1.8696
1749266156,1.86660000,3965.90000000,1.8696
1749266156,1.86650000,1041.40000000,1.8696
1749266156,1.86640000,725.90000000,1.8696
1749266156,1.86630000,1985.90000000,1.8696
1749266156,1.86620000,1206.90000000,1.8696
1749266156,1.86610000,584.50000000,1.8696
1749266156,1.86600000,332.00000000,1.8696
1749266156,1.86590000,538.50000000,1.8696
1749266156,1.86580000,622.40000000,1.8696
1749266156,1.86570000,949.30000000,1.8696
1749266156,1.86560000,695.20000000,1.8696
1749266156,1.86550000,1759.20000000,1.8696
1749266156,1.86540000,170.40000000,1.8696
1749266156,1.86530000,302.40000000,1.8696
1749266156,1.86520000,258.00000000,1.8696
1749266156,1.86510000,302.60000000,1.8696
1749266156,1.86500000,167.60000000,1.8696
1749266156,1.86490000,309.40000000,1.8696
1749266156,1.86480000,262.70000000,1.8696
1749266156,1.86470000,666.50000000,1.8696
1749266156,1.86460000,283.40000000,1.8696
1749266156,1.86450000,140.40000000,1.8696
1749266156,1.86440000,5.40000000,1.8696
1749266156,1.86430000,4922.30000000,1.8696
1749266156,1.86420000,286.30000000,1.8696
1749266156,1.86410000,375.70000000,1.8696
1749266156,1.86400000,247.10000000,1.8696
1749266156,1.86390000,252.80000000,1.8696
1749266156,1.86380000,5.40000000,1.8696
1749266156,1.86370000,6878.80000000,1.8696
1749266156,1.86360000,8.40000000,1.8696
1749266156,1.86350000,250.90000000,1.8696
1749266156,1.86340000,9.50000000,1.8696
1749266156,1.86330000,960.40000000,1.8696
1749266156,1.86320000,5.40000000,1.8696
1749266156,1.86310000,375.80000000,1.8696
1749266156,1.86300000,135.30000000,1.8696
1749266156,1.86290000,5.40000000,1.8696
1749266156,1.86280000,518.60000000,1.8696
1749266156,1.86270000,283.30000000,1.8696
1749266156,1.86260000,5.40000000,1.8696
1749266156,1.86250000,9.50000000,1.8696
1749266156,1.86240000,248.70000000,1.8696
1749266156,1.86230000,5.40000000,1.8696
1749266156,1.86220000,5.40000000,1.8696
1749266156,1.86210000,5.40000000,1.8696
1749266156,1.86200000,5.40000000,1.8696
1749266156,1.86190000,5.40000000,1.8696
1749266156,1.86180000,5.40000000,1.8696
1749266156,1.86170000,241.30000000,1.8696
1749266156,1.86160000,121.70000000,1.8696
1749266156,1.86120000,238.60000000,1.8696
1749266156,1.86110000,555.90000000,1.8696
1749266156,1.86090000,235.60000000,1.8696
1749266156,1.86080000,1972.50000000,1.8696
1749266156,1.86070000,4.10000000,1.8696
1749266156,1.86030000,981.00000000,1.8696
1749266156,1.86020000,235.60000000,1.8696
1749266156,1.86010000,12336.60000000,1.8696
1749266156,1.86000000,3276.50000000,1.8696
1749266156,1.85980000,239.70000000,1.8696
1749266156,1.85970000,13600.60000000,1.8696
1749266156,1.85960000,555.90000000,1.8696
1749266156,1.85950000,5.30000000,1.8696
1749266156,1.85940000,16.30000000,1.8696
1749266156,1.85920000,2.80000000,1.8696
1749266156,1.85910000,53.40000000,1.8696
1749266156,1.85890000,20532.00000000,1.8696
1749266156,1.85870000,235.60000000,1.8696
1749266156,1.85860000,1766.80000000,1.8696
1749266156,1.85840000,98.80000000,1.8696
1749266156,1.85820000,1752.30000000,1.8696
1749266156,1.85810000,235.80000000,1.8696
1749266156,1.85800000,313.60000000,1.8696
1749266457,1.86380000,467.70000000,1.864
1749266457,1.86370000,5.40000000,1.864
1749266457,1.86360000,8.40000000,1.864
1749266457,1.86350000,5.40000000,1.864
1749266457,1.86340000,58.10000000,1.864
1749266457,1.86330000,150.50000000,1.864
1749266457,1.86320000,124.40000000,1.864
1749266457,1.86310000,423.90000000,1.864
1749266457,1.86300000,670.60000000,1.864
1749266457,1.86290000,355.50000000,1.864
1749266457,1.86280000,291.40000000,1.864
1749266457,1.86270000,625.80000000,1.864
1749266457,1.86260000,1019.90000000,1.864
1749266457,1.86250000,979.80000000,1.864
1749266457,1.86240000,882.50000000,1.864
1749266457,1.86230000,910.00000000,1.864
1749266457,1.86220000,982.50000000,1.864
1749266457,1.86210000,1251.10000000,1.864
1749266457,1.86200000,2492.80000000,1.864
1749266457,1.86190000,5223.10000000,1.864
1749266457,1.86180000,527.90000000,1.864
1749266457,1.86170000,1177.70000000,1.864
1749266457,1.86160000,175.70000000,1.864
1749266457,1.86150000,313.60000000,1.864
1749266457,1.86140000,459.80000000,1.864
1749266457,1.86130000,795.50000000,1.864
1749266457,1.86120000,585.30000000,1.864
1749266457,1.86110000,584.40000000,1.864
1749266457,1.86100000,385.10000000,1.864
1749266457,1.86090000,715.10000000,1.864
1749266457,1.86080000,625.90000000,1.864
1749266457,1.86070000,1514.30000000,1.864
1749266457,1.86060000,403.70000000,1.864
1749266457,1.86050000,1136.10000000,1.864
1749266457,1.86040000,1243.00000000,1.864
1749266457,1.86030000,429.30000000,1.864
1749266457,1.86020000,525.80000000,1.864
1749266457,1.86010000,1429.10000000,1.864
1749266457,1.86000000,3653.10000000,1.864
1749266457,1.85990000,671.70000000,1.864
1749266457,1.85980000,176.20000000,1.864
1749266457,1.85970000,393.60000000,1.864
1749266457,1.85960000,729.40000000,1.864
1749266457,1.85950000,314.10000000,1.864
1749266457,1.85940000,190.10000000,1.864
1749266457,1.85930000,545.00000000,1.864
1749266457,1.85920000,126.00000000,1.864
1749266457,1.85910000,4932.60000000,1.864
1749266457,1.85900000,7115.00000000,1.864
1749266457,1.85890000,289.00000000,1.864
1749266457,1.85880000,92.40000000,1.864
1749266457,1.85870000,140.40000000,1.864
1749266457,1.85860000,5.40000000,1.864
1749266457,1.85850000,5.40000000,1.864
1749266457,1.85840000,104.20000000,1.864
1749266457,1.85830000,140.40000000,1.864
1749266457,1.85820000,53.00000000,1.864
1749266457,1.85810000,486.80000000,1.864
1749266457,1.85800000,446.30000000,1.864
1749266457,1.85790000,140.40000000,1.864
1749266457,1.85780000,527.40000000,1.864
1749266457,1.85770000,5.40000000,1.864
1749266457,1.85760000,8.40000000,1.864
1749266457,1.85750000,5.40000000,1.864
1749266457,1.85740000,87.60000000,1.864
1749266457,1.85730000,241.80000000,1.864
1749266457,1.85720000,132.70000000,1.864
1749266457,1.85710000,831.50000000,1.864
1749266457,1.85700000,134.60000000,1.864
1749266457,1.85690000,5.40000000,1.864
1749266457,1.85680000,5.40000000,1.864
1749266457,1.85670000,5.40000000,1.864
1749266457,1.85660000,241.40000000,1.864
1749266457,1.85650000,283.30000000,1.864
1749266457,1.85640000,12.20000000,1.864
1749266457,1.85630000,5.40000000,1.864
1749266457,1.85620000,4.10000000,1.864
1749266457,1.85610000,236.20000000,1.864
1749266457,1.85600000,6.10000000,1.864
1749266457,1.85590000,236.10000000,1.864
1749266457,1.85580000,281.00000000,1.864
1749266457,1.85560000,1759.90000000,1.864
1749266457,1.85530000,57.50000000,1.864
1749266457,1.85510000,236.20000000,1.864
1749266457,1.85500000,277.90000000,1.864
1749266457,1.85490000,236.30000000,1.864
1749266457,1.85480000,13600.60000000,1.864
1749266457,1.85460000,56.90000000,1.864
1749266457,1.85440000,240.60000000,1.864
1749266457,1.85430000,1414.00000000,1.864
1749266457,1.85410000,797.70000000,1.864
1749266457,1.85400000,3.00000000,1.864
1749266457,1.85390000,12328.60000000,1.864
1749266457,1.85380000,236.30000000,1.864
1749266457,1.85370000,1785.20000000,1.864
1749266457,1.85350000,282.00000000,1.864
1749266457,1.85340000,26853.90000000,1.864
1749266457,1.85320000,1853.50000000,1.864
1749266457,1.85310000,236.40000000,1.864
1749266457,1.85300000,20383.40000000,1.864
1749266759,1.86540000,138.00000000,1.866
1749266759,1.86530000,8.40000000,1.866
1749266759,1.86520000,5.40000000,1.866
1749266759,1.86510000,29.20000000,1.866
1749266759,1.86500000,207.10000000,1.866
1749266759,1.86490000,151.50000000,1.866
1749266759,1.86480000,561.60000000,1.866
1749266759,1.86470000,361.90000000,1.866
1749266759,1.86460000,361.30000000,1.866
1749266759,1.86450000,599.80000000,1.866
1749266759,1.86440000,936.60000000,1.866
1749266759,1.86430000,1433.70000000,1.866
1749266759,1.86420000,510.10000000,1.866
1749266759,1.86410000,545.90000000,1.866
1749266759,1.86400000,556.90000000,1.866
1749266759,1.86390000,1361.50000000,1.866
1749266759,1.86380000,677.50000000,1.866
1749266759,1.86370000,1513.90000000,1.866
1749266759,1.86360000,1139.50000000,1.866
1749266759,1.86350000,1697.30000000,1.866
1749266759,1.86340000,947.60000000,1.866
1749266759,1.86330000,840.30000000,1.866
1749266759,1.86320000,1047.90000000,1.866
1749266759,1.86310000,598.40000000,1.866
1749266759,1.86300000,582.60000000,1.866
1749266759,1.86290000,1778.30000000,1.866
1749266759,1.86280000,3522.90000000,1.866
1749266759,1.86270000,1793.20000000,1.866
1749266759,1.86260000,181.10000000,1.866
1749266759,1.86250000,324.30000000,1.866
1749266759,1.86240000,312.80000000,1.866
1749266759,1.86230000,639.20000000,1.866
1749266759,1.86220000,289.00000000,1.866
1749266759,1.86210000,441.40000000,1.866
1749266759,1.86200000,813.80000000,1.866
1749266759,1.86190000,1482.30000000,1.866
1749266759,1.86180000,554.10000000,1.866
1749266759,1.86170000,7355.80000000,1.866
1749266759,1.86160000,549.70000000,1.866
1749266759,1.86150000,316.10000000,1.866
1749266759,1.86140000,459.00000000,1.866
1749266759,1.86130000,316.10000000,1.866
1749266759,1.86120000,350.10000000,1.866
1749266759,1.86110000,1842.00000000,1.866
1749266759,1.86100000,181.50000000,1.866
1749266759,1.86090000,316.50000000,1.866
1749266759,1.86080000,181.00000000,1.866
1749266759,1.86070000,381.20000000,1.866
1749266759,1.86060000,8.40000000,1.866
1749266759,1.86050000,140.40000000,1.866
1749266759,1.86040000,242.20000000,1.866
1749266759,1.86030000,4990.80000000,1.866
1749266759,1.86020000,5.40000000,1.866
1749266759,1.86010000,185.00000000,1.866
1749266759,1.86000000,3643.70000000,1.866
1749266759,1.85990000,655.10000000,1.866
1749266759,1.85980000,9.50000000,1.866
1749266759,1.85970000,528.90000000,1.866
1749266759,1.85960000,5.40000000,1.866
1749266759,1.85950000,145.70000000,1.866
1749266759,1.85940000,150.60000000,1.866
1749266759,1.85930000,140.40000000,1.866
1749266759,1.85920000,362.90000000,1.866
1749266759,1.85910000,5.40000000,1.866
1749266759,1.85900000,5.40000000,1.866
1749266759,1.85890000,154.00000000,1.866
1749266759,1.85880000,5.40000000,1.866
1749266759,1.85870000,5.40000000,1.866
1749266759,1.85860000,326.40000000,1.866
1749266759,1.85850000,5.40000000,1.866
1749266759,1.85840000,104.20000000,1.866
1749266759,1.85830000,520.30000000,1.866
1749266759,1.85820000,5.40000000,1.866
1749266759,1.85810000,132.70000000,1.866
1749266759,1.85800000,606.70000000,1.866
1749266759,1.85790000,5.40000000,1.866
1749266759,1.85780000,244.40000000,1.866
1749266759,1.85770000,278.00000000,1.866
1749266759,1.85760000,3.00000000,1.866
1749266759,1.85740000,1031.50000000,1.866
1749266759,1.85710000,240.40000000,1.866
1749266759,1.85700000,129.20000000,1.866
1749266759,1.85670000,236.00000000,1.866
1749266759,1.85650000,12621.80000000,1.866
1749266759,1.85640000,242.80000000,1.866
1749266759,1.85620000,4.10000000,1.866
1749266759,1.85600000,6.10000000,1.866
1749266759,1.85590000,13837.00000000,1.866
1749266759,1.85580000,923.00000000,1.866
1749266759,1.85570000,2.70000000,1.866
1749266759,1.85560000,5.20000000,1.866
1749266759,1.85530000,240.10000000,1.866
1749266759,1.85520000,3788.10000000,1.866
1749266759,1.85500000,277.90000000,1.866
1749266759,1.85460000,292.90000000,1.866
1749266759,1.85450000,2088.60000000,1.866
1749266759,1.85440000,4.10000000,1.866
1749266759,1.85430000,20661.40000000,1.866
1749266759,1.85400000,3.00000000,1.866
1749266759,1.85390000,67.90000000,1.866
1749267060,1.85310000,176.10000000,1.8532
1749267060,1.85300000,5.50000000,1.8532
1749267060,1.85290000,275.10000000,1.8532
1749267060,1.85280000,12.60000000,1.8532
1749267060,1.85270000,190.10000000,1.8532
1749267060,1.85260000,63.60000000,1.8532
1749267060,1.85250000,285.80000000,1.8532
1749267060,1.85240000,487.60000000,1.8532
1749267060,1.85230000,814.10000000,1.8532
1749267060,1.85220000,1111.70000000,1.8532
1749267060,1.85210000,1055.40000000,1.8532
1749267060,1.85200000,625.90000000,1.8532
1749267060,1.85190000,1653.10000000,1.8532
1749267060,1.85180000,1589.10000000,1.8532
1749267060,1.85170000,548.00000000,1.8532
1749267060,1.85160000,1318.20000000,1.8532
1749267060,1.85150000,1176.20000000,1.8532
1749267060,1.85140000,1517.20000000,1.8532
1749267060,1.85130000,1170.70000000,1.8532
1749267060,1.85120000,1224.10000000,1.8532
1749267060,1.85110000,1776.40000000,1.8532
1749267060,1.85100000,455.60000000,1.8532
1749267060,1.85090000,878.80000000,1.8532
1749267060,1.85080000,411.10000000,1.8532
1749267060,1.85070000,850.80000000,1.8532
1749267060,1.85060000,1434.90000000,1.8532
1749267060,1.85050000,459.80000000,1.8532
1749267060,1.85040000,588.20000000,1.8532
1749267060,1.85030000,533.50000000,1.8532
1749267060,1.85020000,602.60000000,1.8532
1749267060,1.85010000,798.00000000,1.8532
1749267060,1.85000000,801.70000000,1.8532
1749267060,1.84990000,670.90000000,1.8532
1749267060,1.84980000,1500.00000000,1.8532
1749267060,1.84970000,1721.30000000,1.8532
1749267060,1.84960000,185.70000000,1.8532
1749267060,1.84950000,557.80000000,1.8532
1749267060,1.84940000,330.40000000,1.8532
1749267060,1.84930000,407.40000000,1.8532
1749267060,1.84920000,189.20000000,1.8532
1749267060,1.84910000,321.20000000,1.8532
1749267060,1.84900000,190.30000000,1.8532
1749267060,1.84890000,7742.50000000,1.8532
1749267060,1.84880000,400.90000000,1.8532
1749267060,1.84870000,603.40000000,1.8532
1749267060,1.84860000,467.50000000,1.8532
1749267060,1.84850000,143.20000000,1.8532
1749267060,1.84840000,104.20000000,1.8532
1749267060,1.84830000,140.40000000,1.8532
1749267060,1.84820000,5.40000000,1.8532
1749267060,1.84810000,395.70000000,1.8532
1749267060,1.84800000,4931.90000000,1.8532
1749267060,1.84790000,378.10000000,1.8532
1749267060,1.84780000,5.50000000,1.8532
1749267060,1.84770000,1218.00000000,1.8532
1749267060,1.84760000,5.50000000,1.8532
1749267060,1.84750000,5.50000000,1.8532
1749267060,1.84740000,8.50000000,1.8532
1749267060,1.84730000,251.40000000,1.8532
1749267060,1.84720000,246.90000000,1.8532
1749267060,1.84710000,418.50000000,1.8532
1749267060,1.84700000,5.50000000,1.8532
1749267060,1.84690000,13.40000000,1.8532
1749267060,1.84680000,245.70000000,1.8532
1749267060,1.84670000,832.50000000,1.8532
1749267060,1.84660000,5.50000000,1.8532
1749267060,1.84650000,10.70000000,1.8532
1749267060,1.84640000,5.50000000,1.8532
1749267060,1.84630000,246.90000000,1.8532
1749267060,1.84620000,5.50000000,1.8532
1749267060,1.84610000,5.50000000,1.8532
1749267060,1.84600000,242.80000000,1.8532
1749267060,1.84590000,283.40000000,1.8532
1749267060,1.84580000,16.20000000,1.8532
1749267060,1.84570000,5.50000000,1.8532
1749267060,1.84560000,283.50000000,1.8532
1749267060,1.84550000,1785.70000000,1.8532
1749267060,1.84540000,4.10000000,1.8532
1749267060,1.84530000,53.60000000,1.8532
1749267060,1.84520000,241.90000000,1.8532
1749267060,1.84500000,20624.10000000,1.8532
1749267060,1.84450000,4.10000000,1.8532
1749267060,1.84430000,237.80000000,1.8532
1749267060,1.84420000,1012.00000000,1.8532
1749267060,1.84410000,278.00000000,1.8532
1749267060,1.84400000,114.40000000,1.8532
1749267060,1.84390000,67.90000000,1.8532
1749267060,1.84360000,241.80000000,1.8532
1749267060,1.84350000,515.60000000,1.8532
1749267060,1.84320000,13603.60000000,1.8532
1749267060,1.84300000,38907.20000000,1.8532
1749267060,1.84280000,237.80000000,1.8532
1749267060,1.84270000,3650.50000000,1.8532
1749267060,1.84260000,327.30000000,1.8532
1749267060,1.84250000,14.20000000,1.8532
1749267060,1.84210000,249.50000000,1.8532
1749267060,1.84200000,277.90000000,1.8532
1749267060,1.84190000,495.80000000,1.8532
1749267060,1.84180000,268.90000000,1.8532
1749267060,1.84140000,3.00000000,1.8532
1749267362,1.85800000,251.60000000,1.8582
1749267362,1.85790000,11.40000000,1.8582
1749267362,1.85780000,214.80000000,1.8582
1749267362,1.85770000,195.00000000,1.8582
1749267362,1.85760000,143.40000000,1.8582
1749267362,1.85750000,167.40000000,1.8582
1749267362,1.85740000,686.50000000,1.8582
1749267362,1.85730000,406.70000000,1.8582
1749267362,1.85720000,639.10000000,1.8582
1749267362,1.85710000,955.40000000,1.8582
1749267362,1.85700000,1972.30000000,1.8582
1749267362,1.85690000,1120.70000000,1.8582
1749267362,1.85680000,1936.40000000,1.8582
1749267362,1.85670000,1007.00000000,1.8582
1749267362,1.85660000,847.30000000,1.8582
1749267362,1.85650000,776.20000000,1.8582
1749267362,1.85640000,1975.70000000,1.8582
1749267362,1.85630000,2229.30000000,1.8582
1749267362,1.85620000,2087.80000000,1.8582
1749267362,1.85610000,1035.80000000,1.8582
1749267362,1.85600000,854.90000000,1.8582
1749267362,1.85590000,338.60000000,1.8582
1749267362,1.85580000,629.90000000,1.8582
1749267362,1.85570000,839.00000000,1.8582
1749267362,1.85560000,322.30000000,1.8582
1749267362,1.85550000,745.70000000,1.8582
1749267362,1.85540000,452.10000000,1.8582
1749267362,1.85530000,545.40000000,1.8582
1749267362,1.85520000,325.40000000,1.8582
1749267362,1.85510000,405.30000000,1.8582
1749267362,1.85500000,424.70000000,1.8582
1749267362,1.85490000,322.20000000,1.8582
1749267362,1.85480000,352.70000000,1.8582
1749267362,1.85470000,551.60000000,1.8582
1749267362,1.85460000,1762.40000000,1.8582
1749267362,1.85450000,979.50000000,1.8582
1749267362,1.85440000,1612.70000000,1.8582
1749267362,1.85430000,663.30000000,1.8582
1749267362,1.85420000,321.90000000,1.8582
1749267362,1.85410000,187.80000000,1.8582
1749267362,1.85400000,325.80000000,1.8582
1749267362,1.85390000,511.70000000,1.8582
1749267362,1.85380000,322.80000000,1.8582
1749267362,1.85370000,4991.80000000,1.8582
1749267362,1.85360000,322.80000000,1.8582
1749267362,1.85350000,191.90000000,1.8582
1749267362,1.85340000,143.50000000,1.8582
1749267362,1.85330000,5.50000000,1.8582
1749267362,1.85320000,656.00000000,1.8582
1749267362,1.85310000,5.50000000,1.8582
1749267362,1.85300000,140.50000000,1.8582
1749267362,1.85290000,5.50000000,1.8582
1749267362,1.85280000,7349.30000000,1.8582
1749267362,1.85270000,5.50000000,1.8582
1749267362,1.85260000,381.80000000,1.8582
1749267362,1.85250000,161.30000000,1.8582
1749267362,1.85240000,140.50000000,1.8582
1749267362,1.85230000,5.50000000,1.8582
1749267362,1.85220000,245.60000000,1.8582
1749267362,1.85210000,140.50000000,1.8582
1749267362,1.85200000,242.60000000,1.8582
1749267362,1.85190000,140.50000000,1.8582
1749267362,1.85180000,5.50000000,1.8582
1749267362,1.85170000,9.60000000,1.8582
1749267362,1.85160000,418.30000000,1.8582
1749267362,1.85150000,242.50000000,1.8582
1749267362,1.85140000,5.40000000,1.8582
1749267362,1.85130000,140.40000000,1.8582
1749267362,1.85120000,5.40000000,1.8582
1749267362,1.85110000,5.40000000,1.8582
1749267362,1.85100000,5.40000000,1.8582
1749267362,1.85090000,1109.40000000,1.8582
1749267362,1.85080000,246.60000000,1.8582
1749267362,1.85070000,5.40000000,1.8582
1749267362,1.85060000,5.40000000,1.8582
1749267362,1.85050000,5.40000000,1.8582
1749267362,1.85040000,3.00000000,1.8582
1749267362,1.85020000,237.10000000,1.8582
1749267362,1.85010000,281.30000000,1.8582
1749267362,1.85000000,238.10000000,1.8582
1749267362,1.84990000,4.10000000,1.8582
1749267362,1.84940000,144.50000000,1.8582
1749267362,1.84920000,237.40000000,1.8582
1749267362,1.84910000,331.80000000,1.8582
1749267362,1.84900000,4.10000000,1.8582
1749267362,1.84890000,238.20000000,1.8582
1749267362,1.84880000,2016.90000000,1.8582
1749267362,1.84860000,280.90000000,1.8582
1749267362,1.84850000,2.80000000,1.8582
1749267362,1.84840000,1207.80000000,1.8582
1749267362,1.84830000,12170.10000000,1.8582
1749267362,1.84820000,238.20000000,1.8582
1749267362,1.84810000,4.10000000,1.8582
1749267362,1.84800000,12.90000000,1.8582
1749267362,1.84760000,515.30000000,1.8582
1749267362,1.84720000,4.10000000,1.8582
1749267362,1.84690000,3866.20000000,1.8582
1749267362,1.84680000,280.90000000,1.8582
1749267362,1.84650000,225.20000000,1.8582
1749267362,1.84630000,4.10000000,1.8582
1749267663,1.87010000,339.00000000,1.8694
1749267663,1.87000000,5.40000000,1.8694
1749267663,1.86990000,9.50000000,1.8694
1749267663,1.86980000,24.70000000,1.8694
1749267663,1.86970000,144.50000000,1.8694
1749267663,1.86960000,28.90000000,1.8694
1749267663,1.86950000,503.70000000,1.8694
1749267663,1.86940000,668.60000000,1.8694
1749267663,1.86930000,442.50000000,1.8694
1749267663,1.86920000,395.00000000,1.8694
1749267663,1.86910000,324.00000000,1.8694
1749267663,1.86900000,271.40000000,1.8694
1749267663,1.86890000,324.00000000,1.8694
1749267663,1.86880000,189.00000000,1.8694
1749267663,1.86870000,214.90000000,1.8694
1749267663,1.86860000,335.00000000,1.8694
1749267663,1.86850000,189.20000000,1.8694
1749267663,1.86840000,1698.50000000,1.8694
1749267663,1.86830000,727.80000000,1.8694
1749267663,1.86820000,1210.70000000,1.8694
1749267663,1.86810000,1384.50000000,1.8694
1749267663,1.86800000,1529.40000000,1.8694
1749267663,1.86790000,1633.20000000,1.8694
1749267663,1.86780000,1239.50000000,1.8694
1749267663,1.86770000,1063.70000000,1.8694
1749267663,1.86760000,850.80000000,1.8694
1749267663,1.86750000,303.10000000,1.8694
1749267663,1.86740000,222.10000000,1.8694
1749267663,1.86730000,561.30000000,1.8694
1749267663,1.86720000,384.30000000,1.8694
1749267663,1.86710000,738.00000000,1.8694
1749267663,1.86700000,512.80000000,1.8694
1749267663,1.86690000,1703.00000000,1.8694
1749267663,1.86680000,582.90000000,1.8694
1749267663,1.86670000,1397.70000000,1.8694
1749267663,1.86660000,312.90000000,1.8694
1749267663,1.86650000,561.40000000,1.8694
1749267663,1.86640000,367.40000000,1.8694
1749267663,1.86630000,692.90000000,1.8694
1749267663,1.86620000,186.30000000,1.8694
1749267663,1.86610000,439.30000000,1.8694
1749267663,1.86600000,700.30000000,1.8694
1749267663,1.86590000,515.10000000,1.8694
1749267663,1.86580000,646.10000000,1.8694
1749267663,1.86570000,321.30000000,1.8694
