timestamp,price,volume,current_price
1749254508,1.85340000,371.20000000,1.8534
1749254508,1.85330000,5.50000000,1.8534
1749254508,1.85320000,275.50000000,1.8534
1749254508,1.85310000,5.50000000,1.8534
1749254508,1.85300000,9.60000000,1.8534
1749254508,1.85290000,140.50000000,1.8534
1749254508,1.85280000,82.70000000,1.8534
1749254508,1.85270000,140.50000000,1.8534
1749254508,1.85260000,440.70000000,1.8534
1749254508,1.85250000,419.00000000,1.8534
1749254508,1.85240000,590.10000000,1.8534
1749254508,1.85230000,1294.80000000,1.8534
1749254508,1.85220000,735.80000000,1.8534
1749254508,1.85210000,312.30000000,1.8534
1749254508,1.85200000,1402.90000000,1.8534
1749254508,1.85190000,576.80000000,1.8534
1749254508,1.85180000,2079.30000000,1.8534
1749254508,1.85170000,707.40000000,1.8534
1749254508,1.85160000,297.60000000,1.8534
1749254508,1.85150000,276.60000000,1.8534
1749254508,1.85140000,417.30000000,1.8534
1749254508,1.85130000,289.70000000,1.8534
1749254508,1.85120000,291.00000000,1.8534
1749254508,1.85110000,450.60000000,1.8534
1749254508,1.85100000,569.50000000,1.8534
1749254508,1.85090000,1889.90000000,1.8534
1749254508,1.85080000,676.00000000,1.8534
1749254508,1.85070000,890.80000000,1.8534
1749254508,1.85060000,860.10000000,1.8534
1749254508,1.85050000,548.40000000,1.8534
1749254508,1.85040000,171.90000000,1.8534
1749254508,1.85030000,415.20000000,1.8534
1749254508,1.85020000,602.80000000,1.8534
1749254508,1.85010000,1166.40000000,1.8534
1749254508,1.85000000,2255.80000000,1.8534
1749254508,1.84990000,548.30000000,1.8534
1749254508,1.84980000,217.40000000,1.8534
1749254508,1.84970000,2938.00000000,1.8534
1749254508,1.84960000,155.50000000,1.8534
1749254508,1.84950000,469.90000000,1.8534
1749254508,1.84940000,557.90000000,1.8534
1749254508,1.84930000,205.30000000,1.8534
1749254508,1.84920000,167.80000000,1.8534
1749254508,1.84910000,151.40000000,1.8534
1749254508,1.84900000,317.20000000,1.8534
1749254508,1.84890000,417.60000000,1.8534
1749254508,1.84880000,151.40000000,1.8534
1749254508,1.84870000,562.70000000,1.8534
1749254508,1.84860000,1851.60000000,1.8534
1749254508,1.84850000,362.20000000,1.8534
1749254508,1.84840000,1402.20000000,1.8534
1749254508,1.84830000,429.30000000,1.8534
1749254508,1.84820000,151.30000000,1.8534
1749254508,1.84810000,429.50000000,1.8534
1749254508,1.84800000,38.90000000,1.8534
1749254508,1.84790000,5.50000000,1.8534
1749254508,1.84780000,5.50000000,1.8534
1749254508,1.84770000,267.70000000,1.8534
1749254508,1.84760000,13385.00000000,1.8534
1749254508,1.84750000,267.80000000,1.8534
1749254508,1.84740000,1160.50000000,1.8534
1749254508,1.84730000,6793.80000000,1.8534
1749254508,1.84720000,5.50000000,1.8534
1749254508,1.84710000,5023.80000000,1.8534
1749254508,1.84700000,5.50000000,1.8534
1749254508,1.84690000,267.80000000,1.8534
1749254508,1.84680000,21.90000000,1.8534
1749254508,1.84670000,5.50000000,1.8534
1749254508,1.84660000,5.50000000,1.8534
1749254508,1.84650000,273.10000000,1.8534
1749254508,1.84640000,283.40000000,1.8534
1749254508,1.84630000,832.50000000,1.8534
1749254508,1.84620000,20887.40000000,1.8534
1749254508,1.84610000,5.50000000,1.8534
1749254508,1.84600000,268.10000000,1.8534
1749254508,1.84590000,5.50000000,1.8534
1749254508,1.84580000,278.00000000,1.8534
1749254508,1.84560000,13.40000000,1.8534
1749254508,1.84530000,4.10000000,1.8534
1749254508,1.84520000,259.50000000,1.8534
1749254508,1.84510000,261.20000000,1.8534
1749254508,1.84500000,27165.70000000,1.8534
1749254508,1.84480000,267.10000000,1.8534
1749254508,1.84470000,277.90000000,1.8534
1749254508,1.84440000,1795.50000000,1.8534
1749254508,1.84430000,278.00000000,1.8534
1749254508,1.84420000,261.30000000,1.8534
1749254508,1.84410000,841.90000000,1.8534
1749254508,1.84400000,465.90000000,1.8534
1749254508,1.84390000,67.90000000,1.8534
1749254508,1.84380000,13987.10000000,1.8534
1749254508,1.84360000,356.80000000,1.8534
1749254508,1.84350000,806.20000000,1.8534
1749254508,1.84320000,16.40000000,1.8534
1749254508,1.84280000,1628.60000000,1.8534
1749254508,1.84270000,261.50000000,1.8534
1749254508,1.84260000,4.10000000,1.8534
1749254508,1.84250000,8.00000000,1.8534
1749254508,1.84240000,539.70000000,1.8534
1749254508,1.84230000,1861.00000000,1.8534
1749254815,1.85890000,5.40000000,1.8591
1749254815,1.85880000,5.40000000,1.8591
1749254815,1.85870000,5.40000000,1.8591
1749254815,1.85860000,79.50000000,1.8591
1749254815,1.85850000,143.40000000,1.8591
1749254815,1.85840000,79.50000000,1.8591
1749254815,1.85830000,140.40000000,1.8591
1749254815,1.85820000,127.50000000,1.8591
1749254815,1.85810000,574.30000000,1.8591
1749254815,1.85800000,529.00000000,1.8591
1749254815,1.85790000,372.50000000,1.8591
1749254815,1.85780000,263.20000000,1.8591
1749254815,1.85770000,461.50000000,1.8591
1749254815,1.85760000,767.00000000,1.8591
1749254815,1.85750000,689.60000000,1.8591
1749254815,1.85740000,944.70000000,1.8591
1749254815,1.85730000,1913.00000000,1.8591
1749254815,1.85720000,644.00000000,1.8591
1749254815,1.85710000,424.80000000,1.8591
1749254815,1.85700000,490.90000000,1.8591
1749254815,1.85690000,701.10000000,1.8591
1749254815,1.85680000,498.40000000,1.8591
1749254815,1.85670000,306.10000000,1.8591
1749254815,1.85660000,516.90000000,1.8591
1749254815,1.85650000,448.30000000,1.8591
1749254815,1.85640000,554.60000000,1.8591
1749254815,1.85630000,431.60000000,1.8591
1749254815,1.85620000,512.50000000,1.8591
1749254815,1.85610000,281.90000000,1.8591
1749254815,1.85600000,259.20000000,1.8591
1749254815,1.85590000,281.90000000,1.8591
1749254815,1.85580000,265.00000000,1.8591
1749254815,1.85570000,740.60000000,1.8591
1749254815,1.85560000,146.90000000,1.8591
1749254815,1.85550000,282.00000000,1.8591
1749254815,1.85540000,314.90000000,1.8591
1749254815,1.85530000,559.80000000,1.8591
1749254815,1.85520000,237.40000000,1.8591
1749254815,1.85510000,400.40000000,1.8591
1749254815,1.85500000,395.40000000,1.8591
1749254815,1.85490000,649.80000000,1.8591
1749254815,1.85480000,1213.60000000,1.8591
1749254815,1.85470000,281.60000000,1.8591
1749254815,1.85460000,515.20000000,1.8591
1749254815,1.85450000,326.60000000,1.8591
1749254815,1.85440000,515.30000000,1.8591
1749254815,1.85430000,146.10000000,1.8591
1749254815,1.85420000,281.10000000,1.8591
1749254815,1.85410000,5.50000000,1.8591
1749254815,1.85400000,147.60000000,1.8591
1749254815,1.85390000,266.40000000,1.8591
1749254815,1.85380000,418.30000000,1.8591
1749254815,1.85370000,1228.70000000,1.8591
1749254815,1.85360000,140.40000000,1.8591
1749254815,1.85350000,5.40000000,1.8591
1749254815,1.85340000,269.90000000,1.8591
1749254815,1.85330000,140.40000000,1.8591
1749254815,1.85320000,5.40000000,1.8591
1749254815,1.85310000,12.50000000,1.8591
1749254815,1.85300000,150.10000000,1.8591
1749254815,1.85290000,266.90000000,1.8591
1749254815,1.85280000,143.40000000,1.8591
1749254815,1.85270000,5.40000000,1.8591
1749254815,1.85260000,185.40000000,1.8591
1749254815,1.85250000,269.90000000,1.8591
1749254815,1.85240000,5.40000000,1.8591
1749254815,1.85230000,185.40000000,1.8591
1749254815,1.85220000,4832.40000000,1.8591
1749254815,1.85210000,831.40000000,1.8591
1749254815,1.85200000,266.90000000,1.8591
1749254815,1.85190000,5.40000000,1.8591
1749254815,1.85180000,5.40000000,1.8591
1749254815,1.85170000,283.30000000,1.8591
1749254815,1.85160000,283.40000000,1.8591
1749254815,1.85150000,5.40000000,1.8591
1749254815,1.85140000,5.40000000,1.8591
1749254815,1.85130000,9.50000000,1.8591
1749254815,1.85120000,260.80000000,1.8591
1749254815,1.85110000,862.00000000,1.8591
1749254815,1.85090000,260.50000000,1.8591
1749254815,1.85080000,6788.30000000,1.8591
1749254815,1.85040000,187.10000000,1.8591
1749254815,1.85030000,260.50000000,1.8591
1749254815,1.85020000,277.90000000,1.8591
1749254815,1.85010000,278.00000000,1.8591
1749254815,1.85000000,10.80000000,1.8591
1749254815,1.84970000,260.50000000,1.8591
1749254815,1.84960000,1248.80000000,1.8591
1749254815,1.84950000,20881.90000000,1.8591
1749254815,1.84940000,144.50000000,1.8591
1749254815,1.84920000,1854.00000000,1.8591
1749254815,1.84900000,1368.90000000,1.8591
1749254815,1.84890000,15153.20000000,1.8591
1749254815,1.84860000,12312.10000000,1.8591
1749254815,1.84850000,286.20000000,1.8591
1749254815,1.84840000,98.80000000,1.8591
1749254815,1.84820000,259.10000000,1.8591
1749254815,1.84810000,260.90000000,1.8591
1749254815,1.84800000,12.90000000,1.8591
1749254815,1.84790000,277.90000000,1.8591
