timestamp,price,volume,current_price
1749258277,1.86390000,5.40000000,1.8635
1749258277,1.86380000,5.40000000,1.8635
1749258277,1.86370000,5.40000000,1.8635
1749258277,1.86360000,8.40000000,1.8635
1749258277,1.86350000,13.60000000,1.8635
1749258277,1.86340000,140.40000000,1.8635
1749258277,1.86330000,246.20000000,1.8635
1749258277,1.86320000,676.60000000,1.8635
1749258277,1.86310000,12.50000000,1.8635
1749258277,1.86300000,298.60000000,1.8635
1749258277,1.86290000,322.60000000,1.8635
1749258277,1.86280000,339.20000000,1.8635
1749258277,1.86270000,121.70000000,1.8635
1749258277,1.86260000,364.60000000,1.8635
1749258277,1.86250000,745.00000000,1.8635
1749258277,1.86240000,627.10000000,1.8635
1749258277,1.86230000,869.70000000,1.8635
1749258277,1.86220000,671.30000000,1.8635
1749258277,1.86210000,542.50000000,1.8635
1749258277,1.86200000,252.60000000,1.8635
1749258277,1.86190000,121.70000000,1.8635
1749258277,1.86180000,732.50000000,1.8635
1749258277,1.86170000,1408.70000000,1.8635
1749258277,1.86160000,252.60000000,1.8635
1749258277,1.86150000,366.30000000,1.8635
1749258277,1.86140000,530.50000000,1.8635
1749258277,1.86130000,337.60000000,1.8635
1749258277,1.86120000,133.90000000,1.8635
1749258277,1.86110000,339.10000000,1.8635
1749258277,1.86100000,377.50000000,1.8635
1749258277,1.86090000,402.80000000,1.8635
1749258277,1.86080000,490.70000000,1.8635
1749258277,1.86070000,267.60000000,1.8635
1749258277,1.86060000,485.00000000,1.8635
1749258277,1.86050000,275.40000000,1.8635
1749258277,1.86040000,117.50000000,1.8635
1749258277,1.86030000,255.50000000,1.8635
1749258277,1.86020000,132.50000000,1.8635
1749258277,1.86010000,511.90000000,1.8635
1749258277,1.86000000,241.60000000,1.8635
1749258277,1.85990000,1699.00000000,1.8635
1749258277,1.85980000,13654.30000000,1.8635
1749258277,1.85970000,282.50000000,1.8635
1749258277,1.85960000,377.40000000,1.8635
1749258277,1.85950000,1356.40000000,1.8635
1749258277,1.85940000,120.20000000,1.8635
1749258277,1.85930000,252.20000000,1.8635
1749258277,1.85920000,164.90000000,1.8635
1749258277,1.85910000,526.50000000,1.8635
1749258277,1.85900000,405.10000000,1.8635
1749258277,1.85890000,21480.60000000,1.8635
1749258277,1.85880000,21.70000000,1.8635
1749258277,1.85870000,1220.80000000,1.8635
1749258277,1.85860000,389.50000000,1.8635
1749258277,1.85850000,155.40000000,1.8635
1749258277,1.85840000,493.10000000,1.8635
1749258277,1.85830000,400.30000000,1.8635
1749258277,1.85820000,1760.60000000,1.8635
1749258277,1.85810000,144.50000000,1.8635
1749258277,1.85800000,37.00000000,1.8635
1749258277,1.85790000,5.40000000,1.8635
1749258277,1.85780000,13.40000000,1.8635
1749258277,1.85770000,5.40000000,1.8635
1749258277,1.85760000,21.80000000,1.8635
1749258277,1.85750000,73.10000000,1.8635
1749258277,1.85740000,365.60000000,1.8635
1749258277,1.85730000,132.60000000,1.8635
1749258277,1.85720000,9.50000000,1.8635
1749258277,1.85710000,264.80000000,1.8635
1749258277,1.85700000,1771.80000000,1.8635
1749258277,1.85690000,280.20000000,1.8635
1749258277,1.85680000,27111.80000000,1.8635
1749258277,1.85670000,5.40000000,1.8635
1749258277,1.85660000,20.30000000,1.8635
1749258277,1.85650000,1154.40000000,1.8635
1749258277,1.85640000,12.20000000,1.8635
1749258277,1.85630000,17.70000000,1.8635
1749258277,1.85620000,5.40000000,1.8635
1749258277,1.85610000,259.90000000,1.8635
1749258277,1.85600000,6685.90000000,1.8635
1749258277,1.85590000,278.00000000,1.8635
1749258277,1.85580000,3.00000000,1.8635
1749258277,1.85560000,5.20000000,1.8635
1749258277,1.85540000,4.10000000,1.8635
1749258277,1.85530000,53.30000000,1.8635
1749258277,1.85520000,1848.60000000,1.8635
1749258277,1.85500000,10.90000000,1.8635
1749258277,1.85480000,274.90000000,1.8635
1749258277,1.85470000,35101.00000000,1.8635
1749258277,1.85450000,4.10000000,1.8635
1749258277,1.85410000,278.00000000,1.8635
1749258277,1.85400000,3.00000000,1.8635
1749258277,1.85390000,67.90000000,1.8635
1749258277,1.85360000,4.10000000,1.8635
1749258277,1.85270000,4.10000000,1.8635
1749258277,1.85260000,278.00000000,1.8635
1749258277,1.85250000,26760.50000000,1.8635
1749258277,1.85220000,280.90000000,1.8635
1749258277,1.85190000,48.40000000,1.8635
1749258277,1.85180000,4.10000000,1.8635
1749258585,1.86850000,135.10000000,1.8686
1749258585,1.86840000,451.80000000,1.8686
1749258585,1.86830000,540.40000000,1.8686
1749258585,1.86820000,9.50000000,1.8686
1749258585,1.86810000,143.40000000,1.8686
1749258585,1.86800000,9.50000000,1.8686
1749258585,1.86790000,144.40000000,1.8686
1749258585,1.86780000,248.10000000,1.8686
1749258585,1.86770000,1007.40000000,1.8686
1749258585,1.86760000,978.70000000,1.8686
1749258585,1.86750000,1586.20000000,1.8686
1749258585,1.86740000,1023.80000000,1.8686
1749258585,1.86730000,560.30000000,1.8686
1749258585,1.86720000,1074.60000000,1.8686
1749258585,1.86710000,450.50000000,1.8686
1749258585,1.86700000,913.80000000,1.8686
1749258585,1.86690000,975.20000000,1.8686
1749258585,1.86680000,1136.40000000,1.8686
1749258585,1.86670000,1233.00000000,1.8686
1749258585,1.86660000,376.90000000,1.8686
1749258585,1.86650000,1091.60000000,1.8686
1749258585,1.86640000,2794.60000000,1.8686
1749258585,1.86630000,342.70000000,1.8686
1749258585,1.86620000,272.80000000,1.8686
1749258585,1.86610000,515.30000000,1.8686
1749258585,1.86600000,333.90000000,1.8686
1749258585,1.86590000,838.40000000,1.8686
1749258585,1.86580000,960.80000000,1.8686
1749258585,1.86570000,1884.80000000,1.8686
1749258585,1.86560000,396.20000000,1.8686
1749258585,1.86550000,339.80000000,1.8686
1749258585,1.86540000,121.50000000,1.8686
1749258585,1.86530000,1665.60000000,1.8686
1749258585,1.86520000,122.50000000,1.8686
1749258585,1.86510000,340.10000000,1.8686
1749258585,1.86500000,126.60000000,1.8686
1749258585,1.86490000,260.40000000,1.8686
1749258585,1.86480000,213.00000000,1.8686
1749258585,1.86470000,353.40000000,1.8686
1749258585,1.86460000,376.90000000,1.8686
1749258585,1.86450000,253.60000000,1.8686
1749258585,1.86440000,118.60000000,1.8686
1749258585,1.86430000,122.60000000,1.8686
1749258585,1.86420000,744.50000000,1.8686
1749258585,1.86410000,531.50000000,1.8686
1749258585,1.86400000,124.70000000,1.8686
1749258585,1.86390000,321.50000000,1.8686
1749258585,1.86380000,229.10000000,1.8686
1749258585,1.86370000,399.30000000,1.8686
1749258585,1.86360000,8.40000000,1.8686
1749258585,1.86350000,5256.60000000,1.8686
1749258585,1.86340000,9.40000000,1.8686
1749258585,1.86330000,5.40000000,1.8686
1749258585,1.86320000,5.40000000,1.8686
1749258585,1.86310000,257.90000000,1.8686
1749258585,1.86300000,8.40000000,1.8686
1749258585,1.86290000,960.40000000,1.8686
1749258585,1.86280000,392.60000000,1.8686
1749258585,1.86270000,5.40000000,1.8686
1749258585,1.86260000,283.30000000,1.8686
1749258585,1.86250000,287.40000000,1.8686
1749258585,1.86240000,264.30000000,1.8686
1749258585,1.86230000,5.40000000,1.8686
1749258585,1.86220000,5.40000000,1.8686
1749258585,1.86210000,5.40000000,1.8686
1749258585,1.86200000,5.40000000,1.8686
1749258585,1.86190000,20.40000000,1.8686
1749258585,1.86180000,18.70000000,1.8686
1749258585,1.86170000,59.70000000,1.8686
1749258585,1.86160000,322.70000000,1.8686
1749258585,1.86150000,50.60000000,1.8686
1749258585,1.86140000,7171.40000000,1.8686
1749258585,1.86130000,1754.80000000,1.8686
1749258585,1.86120000,8.40000000,1.8686
1749258585,1.86110000,283.30000000,1.8686
1749258585,1.86100000,1008.40000000,1.8686
1749258585,1.86080000,537.00000000,1.8686
1749258585,1.86070000,4.00000000,1.8686
1749258585,1.86050000,149.90000000,1.8686
1749258585,1.86020000,15.00000000,1.8686
1749258585,1.86010000,259.00000000,1.8686
1749258585,1.86000000,182.80000000,1.8686
1749258585,1.85980000,4.00000000,1.8686
1749258585,1.85960000,259.20000000,1.8686
1749258585,1.85950000,323.90000000,1.8686
1749258585,1.85940000,3.00000000,1.8686
1749258585,1.85930000,259.40000000,1.8686
1749258585,1.85920000,12574.90000000,1.8686
1749258585,1.85890000,148.50000000,1.8686
1749258585,1.85880000,258.50000000,1.8686
1749258585,1.85870000,259.30000000,1.8686
1749258585,1.85850000,13731.10000000,1.8686
1749258585,1.85840000,98.80000000,1.8686
1749258585,1.85800000,35.60000000,1.8686
1749258585,1.85780000,8.00000000,1.8686
1749258585,1.85770000,30.00000000,1.8686
1749258585,1.85760000,20297.10000000,1.8686
1749258585,1.85750000,1774.10000000,1.8686
1749258585,1.85740000,82.20000000,1.8686
1749258585,1.85730000,15.00000000,1.8686
1749258911,1.86460000,535.80000000,1.8647
1749258911,1.86450000,8.40000000,1.8647
1749258911,1.86440000,5.40000000,1.8647
1749258911,1.86430000,8.40000000,1.8647
1749258911,1.86420000,8.40000000,1.8647
1749258911,1.86410000,140.40000000,1.8647
1749258911,1.86400000,176.60000000,1.8647
1749258911,1.86390000,452.60000000,1.8647
1749258911,1.86380000,393.60000000,1.8647
1749258911,1.86370000,353.10000000,1.8647
1749258911,1.86360000,138.70000000,1.8647
1749258911,1.86350000,266.60000000,1.8647
1749258911,1.86340000,139.70000000,1.8647
1749258911,1.86330000,266.60000000,1.8647
1749258911,1.86320000,444.10000000,1.8647
1749258911,1.86310000,855.30000000,1.8647
1749258911,1.86300000,745.40000000,1.8647
1749258911,1.86290000,1788.40000000,1.8647
1749258911,1.86280000,1611.00000000,1.8647
1749258911,1.86270000,353.10000000,1.8647
1749258911,1.86260000,1020.80000000,1.8647
1749258911,1.86250000,2183.80000000,1.8647
1749258911,1.86240000,556.10000000,1.8647
1749258911,1.86230000,1391.70000000,1.8647
1749258911,1.86220000,395.70000000,1.8647
1749258911,1.86210000,266.40000000,1.8647
1749258911,1.86200000,144.70000000,1.8647
1749258911,1.86190000,266.40000000,1.8647
1749258911,1.86180000,407.10000000,1.8647
1749258911,1.86170000,352.90000000,1.8647
1749258911,1.86160000,135.40000000,1.8647
1749258911,1.86150000,384.00000000,1.8647
1749258911,1.86140000,131.40000000,1.8647
1749258911,1.86130000,395.10000000,1.8647
1749258911,1.86120000,479.90000000,1.8647
1749258911,1.86110000,544.20000000,1.8647
1749258911,1.86100000,1334.90000000,1.8647
1749258911,1.86090000,4366.10000000,1.8647
1749258911,1.86080000,778.20000000,1.8647
1749258911,1.86070000,270.10000000,1.8647
1749258911,1.86060000,134.10000000,1.8647
1749258911,1.86050000,289.00000000,1.8647
1749258911,1.86040000,217.60000000,1.8647
1749258911,1.86030000,131.10000000,1.8647
1749258911,1.86020000,131.10000000,1.8647
1749258911,1.86010000,525.40000000,1.8647
1749258911,1.86000000,316.90000000,1.8647
1749258911,1.85990000,140.40000000,1.8647
1749258911,1.85980000,9.40000000,1.8647
1749258911,1.85970000,251.20000000,1.8647
1749258911,1.85960000,264.70000000,1.8647
1749258911,1.85950000,677.60000000,1.8647
1749258911,1.85940000,8.40000000,1.8647
1749258911,1.85930000,5.40000000,1.8647
1749258911,1.85920000,286.20000000,1.8647
1749258911,1.85910000,267.50000000,1.8647
1749258911,1.85900000,265.10000000,1.8647
1749258911,1.85890000,302.20000000,1.8647
1749258911,1.85880000,5.40000000,1.8647
1749258911,1.85870000,4829.30000000,1.8647
1749258911,1.85860000,5.40000000,1.8647
1749258911,1.85850000,400.10000000,1.8647
1749258911,1.85840000,104.20000000,1.8647
1749258911,1.85830000,5.40000000,1.8647
1749258911,1.85820000,5.40000000,1.8647
1749258911,1.85810000,5.40000000,1.8647
1749258911,1.85800000,6900.00000000,1.8647
1749258911,1.85790000,20.40000000,1.8647
1749258911,1.85780000,67.70000000,1.8647
1749258911,1.85770000,264.80000000,1.8647
1749258911,1.85760000,286.40000000,1.8647
1749258911,1.85750000,834.40000000,1.8647
1749258911,1.85740000,87.60000000,1.8647
1749258911,1.85730000,5.40000000,1.8647
1749258911,1.85720000,58.90000000,1.8647
1749258911,1.85710000,269.10000000,1.8647
1749258911,1.85680000,15.00000000,1.8647
1749258911,1.85670000,259.70000000,1.8647
1749258911,1.85650000,2031.80000000,1.8647
1749258911,1.85640000,950.80000000,1.8647
1749258911,1.85630000,8.20000000,1.8647
1749258911,1.85620000,4.10000000,1.8647
1749258911,1.85600000,19.40000000,1.8647
1749258911,1.85580000,3.00000000,1.8647
1749258911,1.85570000,278.00000000,1.8647
1749258911,1.85560000,5.20000000,1.8647
1749258911,1.85540000,259.00000000,1.8647
1749258911,1.85530000,309.30000000,1.8647
1749258911,1.85520000,13000.10000000,1.8647
1749258911,1.85500000,288.80000000,1.8647
1749258911,1.85440000,4.10000000,1.8647
1749258911,1.85430000,13751.00000000,1.8647
1749258911,1.85420000,289.90000000,1.8647
1749258911,1.85410000,278.00000000,1.8647
1749258911,1.85400000,3.00000000,1.8647
1749258911,1.85390000,67.90000000,1.8647
1749258911,1.85360000,21112.60000000,1.8647
1749258911,1.85350000,30.80000000,1.8647
1749258911,1.85340000,15.00000000,1.8647
1749258911,1.85330000,277.90000000,1.8647
1749259212,1.85780000,5.40000000,1.8571
1749259212,1.85770000,5.40000000,1.8571
1749259212,1.85760000,9.50000000,1.8571
1749259212,1.85750000,93.50000000,1.8571
1749259212,1.85740000,147.60000000,1.8571
1749259212,1.85730000,5.40000000,1.8571
1749259212,1.85720000,194.50000000,1.8571
1749259212,1.85710000,5.40000000,1.8571
1749259212,1.85700000,311.50000000,1.8571
1749259212,1.85690000,539.20000000,1.8571
1749259212,1.85680000,916.70000000,1.8571
1749259212,1.85670000,746.80000000,1.8571
1749259212,1.85660000,452.40000000,1.8571
1749259212,1.85650000,1024.70000000,1.8571
1749259212,1.85640000,393.10000000,1.8571
1749259212,1.85630000,841.90000000,1.8571
1749259212,1.85620000,262.40000000,1.8571
1749259212,1.85610000,937.30000000,1.8571
1749259212,1.85600000,612.90000000,1.8571
1749259212,1.85590000,459.60000000,1.8571
1749259212,1.85580000,936.40000000,1.8571
1749259212,1.85570000,1563.60000000,1.8571
1749259212,1.85560000,373.50000000,1.8571
1749259212,1.85550000,737.70000000,1.8571
1749259212,1.85540000,131.00000000,1.8571
1749259212,1.85530000,266.00000000,1.8571
1749259212,1.85520000,309.50000000,1.8571
1749259212,1.85510000,710.80000000,1.8571
1749259212,1.85500000,419.80000000,1.8571
1749259212,1.85490000,261.90000000,1.8571
1749259212,1.85480000,302.20000000,1.8571
1749259212,1.85470000,584.80000000,1.8571
1749259212,1.85460000,276.20000000,1.8571
1749259212,1.85450000,729.90000000,1.8571
1749259212,1.85440000,772.50000000,1.8571
1749259212,1.85430000,261.80000000,1.8571
1749259212,1.85420000,375.20000000,1.8571
1749259212,1.85410000,539.80000000,1.8571
1749259212,1.85400000,129.80000000,1.8571
1749259212,1.85390000,438.70000000,1.8571
1749259212,1.85380000,908.20000000,1.8571
1749259212,1.85370000,1816.20000000,1.8571
1749259212,1.85360000,140.10000000,1.8571
1749259212,1.85350000,1502.10000000,1.8571
1749259212,1.85340000,254.20000000,1.8571
1749259212,1.85330000,1534.60000000,1.8571
1749259212,1.85320000,3048.40000000,1.8571
1749259212,1.85310000,275.00000000,1.8571
1749259212,1.85300000,126.70000000,1.8571
1749259212,1.85290000,261.70000000,1.8571
1749259212,1.85280000,126.70000000,1.8571
1749259212,1.85270000,498.20000000,1.8571
1749259212,1.85260000,408.60000000,1.8571
1749259212,1.85250000,376.90000000,1.8571
1749259212,1.85240000,4827.20000000,1.8571
1749259212,1.85230000,5.40000000,1.8571
1749259212,1.85220000,832.40000000,1.8571
1749259212,1.85210000,1161.60000000,1.8571
1749259212,1.85200000,242.20000000,1.8571
1749259212,1.85190000,5.40000000,1.8571
1749259212,1.85180000,5.40000000,1.8571
1749259212,1.85170000,9.50000000,1.8571
1749259212,1.85160000,66.70000000,1.8571
1749259212,1.85150000,5.40000000,1.8571
1749259212,1.85140000,5.40000000,1.8571
1749259212,1.85130000,1764.20000000,1.8571
1749259212,1.85120000,352.90000000,1.8571
1749259212,1.85110000,283.40000000,1.8571
1749259212,1.85100000,5.40000000,1.8571
1749259212,1.85090000,5.40000000,1.8571
1749259212,1.85080000,459.40000000,1.8571
1749259212,1.85070000,283.30000000,1.8571
1749259212,1.85060000,242.20000000,1.8571
1749259212,1.85050000,5.40000000,1.8571
1749259212,1.85040000,8.40000000,1.8571
1749259212,1.85030000,6864.40000000,1.8571
1749259212,1.85020000,13.30000000,1.8571
1749259212,1.85010000,236.80000000,1.8571
1749259212,1.85000000,5032.50000000,1.8571
1749259212,1.84990000,167.40000000,1.8571
1749259212,1.84970000,236.80000000,1.8571
1749259212,1.84960000,293.00000000,1.8571
1749259212,1.84950000,236.80000000,1.8571
1749259212,1.84940000,198.00000000,1.8571
1749259212,1.84900000,4.10000000,1.8571
1749259212,1.84890000,277.90000000,1.8571
1749259212,1.84870000,13.10000000,1.8571
1749259212,1.84860000,3.00000000,1.8571
1749259212,1.84850000,2.80000000,1.8571
1749259212,1.84840000,350.60000000,1.8571
1749259212,1.84830000,13751.00000000,1.8571
1749259212,1.84810000,4.10000000,1.8571
1749259212,1.84800000,26.30000000,1.8571
1749259212,1.84780000,275.00000000,1.8571
1749259212,1.84770000,514.80000000,1.8571
1749259212,1.84760000,12142.30000000,1.8571
1749259212,1.84750000,1037.90000000,1.8571
1749259212,1.84740000,3910.70000000,1.8571
1749259212,1.84730000,16.30000000,1.8571
1749259212,1.84720000,4.10000000,1.8571
