timestamp,price,volume,current_price
1749258417,0.07340000,118707.50000000,0.0735
1749258417,0.07330000,289397.80000000,0.0735
1749258417,0.07320000,326764.90000000,0.0735
1749258417,0.07310000,402552.50000000,0.0735
1749258417,0.07300000,168750.10000000,0.0735
1749258417,0.07290000,539817.40000000,0.0735
1749258417,0.07280000,389469.50000000,0.0735
1749258417,0.07270000,371156.90000000,0.0735
1749258417,0.07260000,44840.10000000,0.0735
1749258417,0.07250000,58642.30000000,0.0735
1749258417,0.07240000,23389.00000000,0.0735
1749258417,0.07230000,65189.90000000,0.0735
1749258417,0.07220000,79396.60000000,0.0735
1749258417,0.07210000,475715.90000000,0.0735
1749258417,0.07200000,13416.90000000,0.0735
1749258417,0.07190000,10435.70000000,0.0735
1749258417,0.07180000,11133.80000000,0.0735
1749258417,0.07170000,31499.10000000,0.0735
1749258417,0.07160000,10716.90000000,0.0735
1749258417,0.07150000,10612.40000000,0.0735
1749258417,0.07140000,11032.10000000,0.0735
1749258417,0.07130000,10954.30000000,0.0735
1749258417,0.07120000,10612.40000000,0.0735
1749258417,0.07110000,10696.80000000,0.0735
1749258417,0.07100000,12442.40000000,0.0735
1749258417,0.07090000,149501.30000000,0.0735
1749258417,0.07080000,32379.50000000,0.0735
1749258417,0.07070000,10954.00000000,0.0735
1749258417,0.07060000,12443.40000000,0.0735
1749258417,0.07050000,28095.10000000,0.0735
1749258417,0.07040000,20721.50000000,0.0735
1749258417,0.07030000,10612.40000000,0.0735
1749258417,0.07020000,7711.20000000,0.0735
1749258417,0.07010000,10846.70000000,0.0735
1749258417,0.07000000,30340.40000000,0.0735
1749258417,0.06990000,8635.30000000,0.0735
1749258417,0.06980000,628.60000000,0.0735
1749258417,0.06970000,7568.80000000,0.0735
1749258417,0.06960000,1253.10000000,0.0735
1749258417,0.06950000,338.20000000,0.0735
1749258417,0.06940000,138.20000000,0.0735
1749258417,0.06930000,100282.50000000,0.0735
1749258417,0.06920000,479.80000000,0.0735
1749258417,0.06910000,293.60000000,0.0735
1749258417,0.06900000,10907.80000000,0.0735
1749258417,0.06890000,413.90000000,0.0735
1749258417,0.06880000,15336.90000000,0.0735
1749258417,0.06870000,1953.00000000,0.0735
1749258417,0.06860000,1138.20000000,0.0735
1749258417,0.06850000,1329.40000000,0.0735
1749258417,0.06840000,286.00000000,0.0735
1749258417,0.06830000,5358.00000000,0.0735
1749258417,0.06820000,888.20000000,0.0735
1749258417,0.06810000,431.80000000,0.0735
1749258417,0.06800000,60407.90000000,0.0735
1749258417,0.06790000,1151.70000000,0.0735
1749258417,0.06780000,2204.60000000,0.0735
1749258417,0.06770000,867.00000000,0.0735
1749258417,0.06760000,14138.20000000,0.0735
1749258417,0.06750000,8855.10000000,0.0735
1749258417,0.06740000,138.20000000,0.0735
1749258417,0.06730000,479.80000000,0.0735
1749258417,0.06720000,1148.40000000,0.0735
1749258417,0.06710000,471.80000000,0.0735
1749258417,0.06700000,44066.30000000,0.0735
1749258417,0.06690000,138.20000000,0.0735
1749258417,0.06680000,779.20000000,0.0735
1749258417,0.06670000,507.20000000,0.0735
1749258417,0.06660000,6450.40000000,0.0735
1749258417,0.06650000,1020.70000000,0.0735
1749258417,0.06640000,138.20000000,0.0735
1749258417,0.06630000,1499.00000000,0.0735
1749258417,0.06620000,1366.70000000,0.0735
1749258417,0.06610000,330.40000000,0.0735
1749258417,0.06600000,33375.20000000,0.0735
1749258417,0.06590000,193.90000000,0.0735
1749258417,0.06580000,734.10000000,0.0735
1749258417,0.06550000,402931.10000000,0.0735
1749258417,0.06540000,1017.30000000,0.0735
1749258417,0.06530000,3307.10000000,0.0735
1749258417,0.06520000,337.40000000,0.0735
1749258417,0.06510000,1120.50000000,0.0735
1749258417,0.06500000,113241.10000000,0.0735
1749258417,0.06490000,2471.70000000,0.0735
1749258417,0.06480000,3061.00000000,0.0735
1749258417,0.06470000,433.30000000,0.0735
1749258417,0.06460000,4700.20000000,0.0735
1749258417,0.06450000,2193.00000000,0.0735
1749258417,0.06440000,1898.40000000,0.0735
1749258417,0.06430000,204.10000000,0.0735
1749258417,0.06400000,97865.00000000,0.0735
1749258417,0.06390000,1359.80000000,0.0735
1749258417,0.06370000,313.80000000,0.0735
1749258417,0.06350000,944.80000000,0.0735
1749258417,0.06330000,158.00000000,0.0735
1749258417,0.06320000,1819.50000000,0.0735
1749258417,0.06310000,1843.30000000,0.0735
1749258417,0.06300000,817.70000000,0.0735
1749258417,0.06270000,215.10000000,0.0735
1749258417,0.06260000,501.30000000,0.0735
1749258753,0.07320000,100736.00000000,0.0733
1749258753,0.07310000,294033.90000000,0.0733
1749258753,0.07300000,390052.60000000,0.0733
1749258753,0.07290000,228170.90000000,0.0733
1749258753,0.07280000,156778.60000000,0.0733
1749258753,0.07270000,514344.10000000,0.0733
1749258753,0.07260000,403440.70000000,0.0733
1749258753,0.07250000,331866.30000000,0.0733
1749258753,0.07240000,37413.60000000,0.0733
1749258753,0.07230000,72468.00000000,0.0733
1749258753,0.07220000,79037.00000000,0.0733
1749258753,0.07210000,134060.60000000,0.0733
1749258753,0.07200000,11057.50000000,0.0733
1749258753,0.07190000,475435.70000000,0.0733
1749258753,0.07180000,11475.50000000,0.0733
1749258753,0.07170000,34591.70000000,0.0733
1749258753,0.07160000,10716.90000000,0.0733
1749258753,0.07150000,10612.40000000,0.0733
1749258753,0.07140000,10612.60000000,0.0733
1749258753,0.07130000,10954.30000000,0.0733
1749258753,0.07120000,149501.30000000,0.0733
1749258753,0.07110000,32043.30000000,0.0733
1749258753,0.07100000,12442.40000000,0.0733
1749258753,0.07090000,10612.40000000,0.0733
1749258753,0.07080000,10764.10000000,0.0733
1749258753,0.07070000,10954.00000000,0.0733
1749258753,0.07060000,21342.20000000,0.0733
1749258753,0.07050000,17704.50000000,0.0733
1749258753,0.07040000,20721.50000000,0.0733
1749258753,0.07030000,10612.40000000,0.0733
1749258753,0.07020000,7711.20000000,0.0733
1749258753,0.07010000,10846.70000000,0.0733
1749258753,0.07000000,30340.40000000,0.0733
1749258753,0.06990000,7942.20000000,0.0733
1749258753,0.06980000,628.60000000,0.0733
1749258753,0.06970000,8263.90000000,0.0733
1749258753,0.06960000,1253.10000000,0.0733
1749258753,0.06950000,7322.50000000,0.0733
1749258753,0.06940000,138.20000000,0.0733
1749258753,0.06930000,107266.80000000,0.0733
1749258753,0.06920000,479.80000000,0.0733
1749258753,0.06910000,293.60000000,0.0733
1749258753,0.06900000,17892.10000000,0.0733
1749258753,0.06890000,413.90000000,0.0733
1749258753,0.06880000,15336.90000000,0.0733
1749258753,0.06870000,1953.00000000,0.0733
1749258753,0.06860000,1138.20000000,0.0733
1749258753,0.06850000,1329.40000000,0.0733
1749258753,0.06840000,286.00000000,0.0733
1749258753,0.06830000,5358.00000000,0.0733
1749258753,0.06820000,888.20000000,0.0733
1749258753,0.06810000,431.80000000,0.0733
1749258753,0.06800000,60407.90000000,0.0733
1749258753,0.06790000,1151.70000000,0.0733
1749258753,0.06780000,2204.60000000,0.0733
1749258753,0.06770000,867.00000000,0.0733
1749258753,0.06760000,14138.20000000,0.0733
1749258753,0.06750000,8855.10000000,0.0733
1749258753,0.06740000,138.20000000,0.0733
1749258753,0.06730000,479.80000000,0.0733
1749258753,0.06720000,1148.40000000,0.0733
1749258753,0.06710000,471.80000000,0.0733
1749258753,0.06700000,44066.30000000,0.0733
1749258753,0.06690000,138.20000000,0.0733
1749258753,0.06680000,779.20000000,0.0733
1749258753,0.06670000,507.20000000,0.0733
1749258753,0.06660000,6450.40000000,0.0733
1749258753,0.06650000,1020.70000000,0.0733
1749258753,0.06640000,138.20000000,0.0733
1749258753,0.06630000,1499.00000000,0.0733
1749258753,0.06620000,1366.70000000,0.0733
1749258753,0.06610000,136.30000000,0.0733
1749258753,0.06600000,33511.70000000,0.0733
1749258753,0.06590000,193.90000000,0.0733
1749258753,0.06580000,1065.70000000,0.0733
1749258753,0.06550000,402931.10000000,0.0733
1749258753,0.06540000,1017.30000000,0.0733
1749258753,0.06530000,3307.10000000,0.0733
1749258753,0.06520000,337.40000000,0.0733
1749258753,0.06510000,1120.50000000,0.0733
1749258753,0.06500000,113241.10000000,0.0733
1749258753,0.06490000,2471.70000000,0.0733
1749258753,0.06480000,3061.00000000,0.0733
1749258753,0.06470000,433.30000000,0.0733
1749258753,0.06460000,4700.20000000,0.0733
1749258753,0.06450000,2193.00000000,0.0733
1749258753,0.06440000,1898.40000000,0.0733
1749258753,0.06430000,204.10000000,0.0733
1749258753,0.06400000,97865.00000000,0.0733
1749258753,0.06390000,1359.80000000,0.0733
1749258753,0.06370000,313.80000000,0.0733
1749258753,0.06350000,944.80000000,0.0733
1749258753,0.06330000,158.00000000,0.0733
1749258753,0.06320000,1819.50000000,0.0733
1749258753,0.06310000,1843.30000000,0.0733
1749258753,0.06300000,817.70000000,0.0733
1749258753,0.06270000,215.10000000,0.0733
1749258753,0.06260000,501.30000000,0.0733
1749258753,0.06240000,2881.90000000,0.0733
1749258753,0.06230000,218.00000000,0.0733
1749259054,0.07310000,171661.00000000,0.0731
1749259054,0.07300000,421264.70000000,0.0731
1749259054,0.07290000,294644.00000000,0.0731
1749259054,0.07280000,96772.50000000,0.0731
1749259054,0.07270000,285468.10000000,0.0731
1749259054,0.07260000,286588.30000000,0.0731
1749259054,0.07250000,331121.30000000,0.0731
1749259054,0.07240000,52994.00000000,0.0731
1749259054,0.07230000,40097.30000000,0.0731
1749259054,0.07220000,760234.50000000,0.0731
1749259054,0.07210000,65360.70000000,0.0731
1749259054,0.07200000,13797.20000000,0.0731
1749259054,0.07190000,79117.00000000,0.0731
1749259054,0.07180000,476475.50000000,0.0731
1749259054,0.07170000,31878.30000000,0.0731
1749259054,0.07160000,10716.90000000,0.0731
1749259054,0.07150000,10612.40000000,0.0731
1749259054,0.07140000,10612.60000000,0.0731
1749259054,0.07130000,10954.30000000,0.0731
1749259054,0.07120000,149922.00000000,0.0731
1749259054,0.07110000,31625.50000000,0.0731
1749259054,0.07100000,12442.40000000,0.0731
1749259054,0.07090000,10612.40000000,0.0731
1749259054,0.07080000,10764.10000000,0.0731
1749259054,0.07070000,10954.00000000,0.0731
1749259054,0.07060000,21342.20000000,0.0731
1749259054,0.07050000,17704.50000000,0.0731
1749259054,0.07040000,20721.30000000,0.0731
1749259054,0.07030000,10612.40000000,0.0731
1749259054,0.07020000,7711.20000000,0.0731
1749259054,0.07010000,10846.70000000,0.0731
1749259054,0.07000000,30340.40000000,0.0731
1749259054,0.06990000,7942.20000000,0.0731
1749259054,0.06980000,628.60000000,0.0731
1749259054,0.06970000,8263.90000000,0.0731
1749259054,0.06960000,1253.10000000,0.0731
1749259054,0.06950000,7322.50000000,0.0731
1749259054,0.06940000,138.20000000,0.0731
1749259054,0.06930000,107266.80000000,0.0731
1749259054,0.06920000,479.80000000,0.0731
1749259054,0.06910000,293.60000000,0.0731
1749259054,0.06900000,10907.80000000,0.0731
1749259054,0.06890000,413.90000000,0.0731
1749259054,0.06880000,15336.90000000,0.0731
1749259054,0.06870000,1953.00000000,0.0731
1749259054,0.06860000,1138.20000000,0.0731
1749259054,0.06850000,1329.40000000,0.0731
1749259054,0.06840000,286.00000000,0.0731
1749259054,0.06830000,5358.00000000,0.0731
1749259054,0.06820000,888.20000000,0.0731
1749259054,0.06810000,431.80000000,0.0731
1749259054,0.06800000,60407.90000000,0.0731
1749259054,0.06790000,1151.70000000,0.0731
1749259054,0.06780000,2204.60000000,0.0731
1749259054,0.06770000,867.00000000,0.0731
1749259054,0.06760000,14138.20000000,0.0731
1749259054,0.06750000,8855.10000000,0.0731
1749259054,0.06740000,138.20000000,0.0731
1749259054,0.06730000,479.80000000,0.0731
1749259054,0.06720000,1148.40000000,0.0731
1749259054,0.06710000,471.80000000,0.0731
1749259054,0.06700000,44066.30000000,0.0731
1749259054,0.06690000,138.20000000,0.0731
1749259054,0.06680000,779.20000000,0.0731
1749259054,0.06670000,507.20000000,0.0731
1749259054,0.06660000,6450.40000000,0.0731
1749259054,0.06650000,1020.70000000,0.0731
1749259054,0.06640000,138.20000000,0.0731
1749259054,0.06630000,1499.00000000,0.0731
1749259054,0.06620000,1366.70000000,0.0731
1749259054,0.06610000,136.30000000,0.0731
1749259054,0.06600000,33511.70000000,0.0731
1749259054,0.06590000,330.40000000,0.0731
1749259054,0.06580000,1065.70000000,0.0731
1749259054,0.06550000,402931.10000000,0.0731
1749259054,0.06540000,1017.30000000,0.0731
1749259054,0.06530000,3307.10000000,0.0731
1749259054,0.06520000,337.40000000,0.0731
1749259054,0.06510000,1120.50000000,0.0731
1749259054,0.06500000,113241.10000000,0.0731
1749259054,0.06490000,2471.70000000,0.0731
1749259054,0.06480000,3061.00000000,0.0731
1749259054,0.06470000,433.30000000,0.0731
1749259054,0.06460000,4700.20000000,0.0731
1749259054,0.06450000,2193.00000000,0.0731
1749259054,0.06440000,1898.40000000,0.0731
1749259054,0.06430000,204.10000000,0.0731
1749259054,0.06400000,97865.00000000,0.0731
1749259054,0.06390000,1359.80000000,0.0731
1749259054,0.06370000,313.80000000,0.0731
1749259054,0.06350000,944.80000000,0.0731
1749259054,0.06330000,158.00000000,0.0731
1749259054,0.06320000,1819.50000000,0.0731
1749259054,0.06310000,1843.30000000,0.0731
1749259054,0.06300000,817.70000000,0.0731
1749259054,0.06270000,215.10000000,0.0731
1749259054,0.06260000,501.30000000,0.0731
1749259054,0.06240000,2881.90000000,0.0731
1749259054,0.06230000,218.00000000,0.0731
1749259054,0.06220000,353.60000000,0.0731
