timestamp,price,volume,current_price
1749258296,0.83800000,25925.76000000,0.838
1749258296,0.83700000,329220.30000000,0.838
1749258296,0.83600000,358024.43000000,0.838
1749258296,0.83500000,98657.01000000,0.838
1749258296,0.83400000,154464.71000000,0.838
1749258296,0.83300000,48813.34000000,0.838
1749258296,0.83200000,133582.10000000,0.838
1749258296,0.83100000,34213.61000000,0.838
1749258296,0.83000000,44961.84000000,0.838
1749258296,0.82900000,27070.28000000,0.838
1749258296,0.82800000,87020.53000000,0.838
1749258296,0.82700000,42959.72000000,0.838
1749258296,0.82600000,54795.28000000,0.838
1749258296,0.82500000,27039.31000000,0.838
1749258296,0.82400000,10115.47000000,0.838
1749258296,0.82300000,36176.36000000,0.838
1749258296,0.82200000,12483.47000000,0.838
1749258296,0.82100000,18802.41000000,0.838
1749258296,0.82000000,9806.06000000,0.838
1749258296,0.81900000,8283.65000000,0.838
1749258296,0.81800000,8066.24000000,0.838
1749258296,0.81700000,27586.58000000,0.838
1749258296,0.81600000,8712.41000000,0.838
1749258296,0.81500000,15453.69000000,0.838
1749258296,0.81400000,27562.43000000,0.838
1749258296,0.81300000,34842.63000000,0.838
1749258296,0.81200000,57141.05000000,0.838
1749258296,0.81100000,8933.24000000,0.838
1749258296,0.81000000,55499.09000000,0.838
1749258296,0.80900000,18782.84000000,0.838
1749258296,0.80800000,12294.87000000,0.838
1749258296,0.80700000,8306.26000000,0.838
1749258296,0.80600000,15432.39000000,0.838
1749258296,0.80500000,12263.54000000,0.838
1749258296,0.80400000,9598.39000000,0.838
1749258296,0.80300000,8599.03000000,0.838
1749258296,0.80200000,21687.75000000,0.838
1749258296,0.80100000,5616.40000000,0.838
1749258296,0.80000000,104671.77000000,0.838
1749258296,0.79900000,8465.62000000,0.838
1749258296,0.79800000,6796.39000000,0.838
1749258296,0.79700000,323.11000000,0.838
1749258296,0.79600000,1403.53000000,0.838
1749258296,0.79500000,3687.51000000,0.838
1749258296,0.79400000,1156.80000000,0.838
1749258296,0.79300000,161.44000000,0.838
1749258296,0.79200000,867.44000000,0.838
1749258296,0.79100000,1213.58000000,0.838
1749258296,0.79000000,39395.22000000,0.838
1749258296,0.78900000,1383.85000000,0.838
1749258296,0.78800000,8370.60000000,0.838
1749258296,0.78700000,4272.39000000,0.838
1749258296,0.78600000,3172.95000000,0.838
1749258296,0.78500000,1119.16000000,0.838
1749258296,0.78400000,176.42000000,0.838
1749258296,0.78300000,1926.25000000,0.838
1749258296,0.78200000,2751.87000000,0.838
1749258296,0.78100000,1023.75000000,0.838
1749258296,0.78000000,51801.12000000,0.838
1749258296,0.77900000,6500.17000000,0.838
1749258296,0.77800000,529.00000000,0.838
1749258296,0.77700000,4651.81000000,0.838
1749258296,0.77600000,4093.20000000,0.838
1749258296,0.77500000,3872.97000000,0.838
1749258296,0.77400000,514.46000000,0.838
1749258296,0.77300000,123.39000000,0.838
1749258296,0.77200000,133.44000000,0.838
1749258296,0.77100000,618.72000000,0.838
1749258296,0.77000000,16134.08000000,0.838
1749258296,0.76900000,1997.13000000,0.838
1749258296,0.76800000,847.28000000,0.838
1749258296,0.76700000,1988.34000000,0.838
1749258296,0.76600000,746.73000000,0.838
1749258296,0.76500000,12335.16000000,0.838
1749258296,0.76400000,88.78000000,0.838
1749258296,0.76300000,5035.84000000,0.838
1749258296,0.76200000,19734.10000000,0.838
1749258296,0.76100000,12593.26000000,0.838
1749258296,0.76000000,13743.60000000,0.838
1749258296,0.75900000,1562.61000000,0.838
1749258296,0.75800000,814.32000000,0.838
1749258296,0.75700000,76.86000000,0.838
1749258296,0.75600000,296.02000000,0.838
1749258296,0.75500000,34633.64000000,0.838
1749258296,0.75400000,687.21000000,0.838
1749258296,0.75300000,10897.20000000,0.838
1749258296,0.75200000,1391.81000000,0.838
1749258296,0.75100000,1516.95000000,0.838
1749258296,0.75000000,274288.63000000,0.838
1749258296,0.74900000,865.35000000,0.838
1749258296,0.74800000,256.68000000,0.838
1749258296,0.74700000,866.72000000,0.838
1749258296,0.74600000,45.43000000,0.838
1749258296,0.74500000,627.89000000,0.838
1749258296,0.74400000,795.48000000,0.838
1749258296,0.74300000,202.27000000,0.838
1749258296,0.74200000,582.67000000,0.838
1749258296,0.74100000,110.59000000,0.838
1749258296,0.74000000,4529.13000000,0.838
1749258296,0.73900000,27.07000000,0.838
1749258610,0.84200000,21315.83000000,0.842
1749258610,0.84100000,285252.58000000,0.842
1749258610,0.84000000,211060.21000000,0.842
1749258610,0.83900000,140213.99000000,0.842
1749258610,0.83800000,124092.24000000,0.842
1749258610,0.83700000,141704.22000000,0.842
1749258610,0.83600000,75488.09000000,0.842
1749258610,0.83500000,68398.10000000,0.842
1749258610,0.83400000,109628.92000000,0.842
1749258610,0.83300000,49967.51000000,0.842
1749258610,0.83200000,47723.95000000,0.842
1749258610,0.83100000,47319.34000000,0.842
1749258610,0.83000000,62450.61000000,0.842
1749258610,0.82900000,61981.67000000,0.842
1749258610,0.82800000,23962.65000000,0.842
1749258610,0.82700000,19131.60000000,0.842
1749258610,0.82600000,35835.15000000,0.842
1749258610,0.82500000,17396.89000000,0.842
1749258610,0.82400000,41473.54000000,0.842
1749258610,0.82300000,14608.27000000,0.842
1749258610,0.82200000,8509.50000000,0.842
1749258610,0.82100000,19182.98000000,0.842
1749258610,0.82000000,10145.91000000,0.842
1749258610,0.81900000,7796.13000000,0.842
1749258610,0.81800000,8318.76000000,0.842
1749258610,0.81700000,29696.11000000,0.842
1749258610,0.81600000,9292.73000000,0.842
1749258610,0.81500000,19927.54000000,0.842
1749258610,0.81400000,7510.45000000,0.842
1749258610,0.81300000,30508.35000000,0.842
1749258610,0.81200000,57141.05000000,0.842
1749258610,0.81100000,19029.85000000,0.842
1749258610,0.81000000,55027.01000000,0.842
1749258610,0.80900000,9045.42000000,0.842
1749258610,0.80800000,9480.22000000,0.842
1749258610,0.80700000,8306.26000000,0.842
1749258610,0.80600000,6843.92000000,0.842
1749258610,0.80500000,9878.54000000,0.842
1749258610,0.80400000,7213.39000000,0.842
1749258610,0.80300000,5443.07000000,0.842
1749258610,0.80200000,20925.12000000,0.842
1749258610,0.80100000,370.38000000,0.842
1749258610,0.80000000,100064.90000000,0.842
1749258610,0.79900000,3286.97000000,0.842
1749258610,0.79800000,1614.64000000,0.842
1749258610,0.79700000,323.11000000,0.842
1749258610,0.79600000,1403.53000000,0.842
1749258610,0.79500000,3662.35000000,0.842
1749258610,0.79400000,1156.80000000,0.842
1749258610,0.79300000,161.44000000,0.842
1749258610,0.79200000,867.44000000,0.842
1749258610,0.79100000,1213.58000000,0.842
1749258610,0.79000000,39395.22000000,0.842
1749258610,0.78900000,1383.85000000,0.842
1749258610,0.78800000,8370.60000000,0.842
1749258610,0.78700000,4272.39000000,0.842
1749258610,0.78600000,3172.95000000,0.842
1749258610,0.78500000,1119.16000000,0.842
1749258610,0.78400000,176.42000000,0.842
1749258610,0.78300000,1926.25000000,0.842
1749258610,0.78200000,2751.87000000,0.842
1749258610,0.78100000,1023.75000000,0.842
1749258610,0.78000000,51801.12000000,0.842
1749258610,0.77900000,6500.17000000,0.842
1749258610,0.77800000,1042.24000000,0.842
1749258610,0.77700000,4651.81000000,0.842
1749258610,0.77600000,4093.20000000,0.842
1749258610,0.77500000,3872.97000000,0.842
1749258610,0.77400000,514.46000000,0.842
1749258610,0.77300000,123.39000000,0.842
1749258610,0.77200000,133.44000000,0.842
1749258610,0.77100000,618.72000000,0.842
1749258610,0.77000000,16134.08000000,0.842
1749258610,0.76900000,1997.13000000,0.842
1749258610,0.76800000,847.04000000,0.842
1749258610,0.76700000,1988.11000000,0.842
1749258610,0.76600000,734.87000000,0.842
1749258610,0.76500000,12323.29000000,0.842
1749258610,0.76400000,76.89000000,0.842
1749258610,0.76300000,5023.94000000,0.842
1749258610,0.76200000,19734.10000000,0.842
1749258610,0.76100000,12593.26000000,0.842
1749258610,0.76000000,13743.60000000,0.842
1749258610,0.75900000,1562.61000000,0.842
1749258610,0.75800000,866.16000000,0.842
1749258610,0.75700000,88.46000000,0.842
1749258610,0.75600000,296.02000000,0.842
1749258610,0.75500000,34633.64000000,0.842
1749258610,0.75400000,675.61000000,0.842
1749258610,0.75300000,10859.50000000,0.842
1749258610,0.75200000,1383.11000000,0.842
1749258610,0.75100000,1511.11000000,0.842
1749258610,0.75000000,274288.63000000,0.842
1749258610,0.74900000,865.35000000,0.842
1749258610,0.74800000,256.68000000,0.842
1749258610,0.74700000,866.72000000,0.842
1749258610,0.74600000,45.43000000,0.842
1749258610,0.74500000,627.89000000,0.842
1749258610,0.74400000,795.48000000,0.842
1749258610,0.74300000,202.27000000,0.842
1749258930,0.84300000,29926.06000000,0.843
1749258930,0.84200000,276906.37000000,0.843
1749258930,0.84100000,234501.63000000,0.843
1749258930,0.84000000,196702.32000000,0.843
1749258930,0.83900000,159937.77000000,0.843
1749258930,0.83800000,74281.20000000,0.843
1749258930,0.83700000,26264.68000000,0.843
1749258930,0.83600000,142903.25000000,0.843
1749258930,0.83500000,51344.27000000,0.843
1749258930,0.83400000,70753.37000000,0.843
1749258930,0.83300000,17313.60000000,0.843
1749258930,0.83200000,30191.26000000,0.843
1749258930,0.83100000,36966.30000000,0.843
1749258930,0.83000000,69014.57000000,0.843
1749258930,0.82900000,12133.65000000,0.843
1749258930,0.82800000,24920.51000000,0.843
1749258930,0.82700000,25548.31000000,0.843
1749258930,0.82600000,36219.88000000,0.843
1749258930,0.82500000,18360.05000000,0.843
1749258930,0.82400000,31537.70000000,0.843
1749258930,0.82300000,7901.85000000,0.843
1749258930,0.82200000,8702.50000000,0.843
1749258930,0.82100000,20040.17000000,0.843
1749258930,0.82000000,10198.89000000,0.843
1749258930,0.81900000,7674.25000000,0.843
1749258930,0.81800000,12399.01000000,0.843
1749258930,0.81700000,27669.09000000,0.843
1749258930,0.81600000,9228.45000000,0.843
1749258930,0.81500000,15299.50000000,0.843
1749258930,0.81400000,7510.45000000,0.843
1749258930,0.81300000,31066.19000000,0.843
1749258930,0.81200000,57141.05000000,0.843
1749258930,0.81100000,19029.85000000,0.843
1749258930,0.81000000,55144.69000000,0.843
1749258930,0.80900000,8681.26000000,0.843
1749258930,0.80800000,9480.22000000,0.843
1749258930,0.80700000,5921.26000000,0.843
1749258930,0.80600000,6843.92000000,0.843
1749258930,0.80500000,8864.51000000,0.843
1749258930,0.80400000,4959.10000000,0.843
1749258930,0.80300000,5290.70000000,0.843
1749258930,0.80200000,15940.78000000,0.843
1749258930,0.80100000,370.38000000,0.843
1749258930,0.80000000,99434.74000000,0.843
1749258930,0.79900000,3299.48000000,0.843
1749258930,0.79800000,1614.64000000,0.843
1749258930,0.79700000,323.11000000,0.843
1749258930,0.79600000,1378.41000000,0.843
1749258930,0.79500000,3637.19000000,0.843
1749258930,0.79400000,1156.80000000,0.843
1749258930,0.79300000,161.44000000,0.843
1749258930,0.79200000,867.44000000,0.843
1749258930,0.79100000,1213.58000000,0.843
1749258930,0.79000000,39388.62000000,0.843
1749258930,0.78900000,1383.85000000,0.843
1749258930,0.78800000,8370.60000000,0.843
1749258930,0.78700000,4272.39000000,0.843
1749258930,0.78600000,3172.95000000,0.843
1749258930,0.78500000,1119.16000000,0.843
1749258930,0.78400000,176.42000000,0.843
1749258930,0.78300000,1926.25000000,0.843
1749258930,0.78200000,2751.87000000,0.843
1749258930,0.78100000,1023.75000000,0.843
1749258930,0.78000000,52377.15000000,0.843
1749258930,0.77900000,6500.17000000,0.843
1749258930,0.77800000,529.00000000,0.843
1749258930,0.77700000,4651.81000000,0.843
1749258930,0.77600000,4093.20000000,0.843
1749258930,0.77500000,3872.97000000,0.843
1749258930,0.77400000,514.46000000,0.843
1749258930,0.77300000,123.39000000,0.843
1749258930,0.77200000,133.44000000,0.843
1749258930,0.77100000,618.72000000,0.843
1749258930,0.77000000,16133.83000000,0.843
1749258930,0.76900000,1996.88000000,0.843
1749258930,0.76800000,847.04000000,0.843
1749258930,0.76700000,1976.27000000,0.843
1749258930,0.76600000,734.87000000,0.843
1749258930,0.76500000,12323.29000000,0.843
1749258930,0.76400000,76.89000000,0.843
1749258930,0.76300000,5023.94000000,0.843
1749258930,0.76200000,19734.10000000,0.843
1749258930,0.76100000,12593.26000000,0.843
1749258930,0.76000000,13778.16000000,0.843
1749258930,0.75900000,1585.65000000,0.843
1749258930,0.75800000,854.64000000,0.843
1749258930,0.75700000,94.26000000,0.843
1749258930,0.75600000,275.72000000,0.843
1749258930,0.75500000,34607.54000000,0.843
1749258930,0.75400000,675.61000000,0.843
1749258930,0.75300000,10853.70000000,0.843
1749258930,0.75200000,1383.11000000,0.843
1749258930,0.75100000,1511.11000000,0.843
1749258930,0.75000000,274288.63000000,0.843
1749258930,0.74900000,865.35000000,0.843
1749258930,0.74800000,256.68000000,0.843
1749258930,0.74700000,866.72000000,0.843
1749258930,0.74600000,45.43000000,0.843
1749258930,0.74500000,627.89000000,0.843
1749258930,0.74400000,795.48000000,0.843
1749259236,0.84200000,49894.94000000,0.843
1749259236,0.84100000,308777.93000000,0.843
1749259236,0.84000000,243614.31000000,0.843
1749259236,0.83900000,273799.73000000,0.843
1749259236,0.83800000,40766.91000000,0.843
1749259236,0.83700000,39700.19000000,0.843
1749259236,0.83600000,143642.17000000,0.843
1749259236,0.83500000,51792.00000000,0.843
1749259236,0.83400000,48403.33000000,0.843
1749259236,0.83300000,10250.77000000,0.843
1749259236,0.83200000,52137.34000000,0.843
1749259236,0.83100000,58025.43000000,0.843
1749259236,0.83000000,71086.40000000,0.843
1749259236,0.82900000,11681.86000000,0.843
1749259236,0.82800000,8909.78000000,0.843
1749259236,0.82700000,25537.22000000,0.843
1749259236,0.82600000,36099.03000000,0.843
1749259236,0.82500000,21022.26000000,0.843
1749259236,0.82400000,36934.55000000,0.843
1749259236,0.82300000,7901.85000000,0.843
1749259236,0.82200000,8416.37000000,0.843
1749259236,0.82100000,19553.85000000,0.843
1749259236,0.82000000,9312.28000000,0.843
1749259236,0.81900000,8038.41000000,0.843
1749259236,0.81800000,7543.83000000,0.843
1749259236,0.81700000,32411.61000000,0.843
1749259236,0.81600000,7953.79000000,0.843
1749259236,0.81500000,39594.41000000,0.843
1749259236,0.81400000,7755.72000000,0.843
1749259236,0.81300000,50631.34000000,0.843
1749259236,0.81200000,57141.05000000,0.843
1749259236,0.81100000,19029.85000000,0.843
1749259236,0.81000000,54700.05000000,0.843
1749259236,0.80900000,8681.26000000,0.843
1749259236,0.80800000,9480.22000000,0.843
1749259236,0.80700000,8306.26000000,0.843
1749259236,0.80600000,6843.92000000,0.843
1749259236,0.80500000,8915.16000000,0.843
1749259236,0.80400000,5038.84000000,0.843
1749259236,0.80300000,5277.67000000,0.843
1749259236,0.80200000,20802.01000000,0.843
1749259236,0.80100000,1121.07000000,0.843
1749259236,0.80000000,99441.13000000,0.843
1749259236,0.79900000,3274.46000000,0.843
1749259236,0.79800000,1614.64000000,0.843
1749259236,0.79700000,323.11000000,0.843
1749259236,0.79600000,1378.41000000,0.843
1749259236,0.79500000,3637.19000000,0.843
1749259236,0.79400000,1156.80000000,0.843
1749259236,0.79300000,161.44000000,0.843
1749259236,0.79200000,867.44000000,0.843
1749259236,0.79100000,1213.58000000,0.843
1749259236,0.79000000,39395.09000000,0.843
1749259236,0.78900000,1383.85000000,0.843
1749259236,0.78800000,8370.60000000,0.843
1749259236,0.78700000,4272.39000000,0.843
1749259236,0.78600000,3172.95000000,0.843
1749259236,0.78500000,1119.16000000,0.843
1749259236,0.78400000,176.42000000,0.843
1749259236,0.78300000,1926.25000000,0.843
1749259236,0.78200000,2751.87000000,0.843
1749259236,0.78100000,1023.75000000,0.843
1749259236,0.78000000,51865.22000000,0.843
1749259236,0.77900000,6500.17000000,0.843
1749259236,0.77800000,1042.24000000,0.843
1749259236,0.77700000,4651.81000000,0.843
1749259236,0.77600000,4093.20000000,0.843
1749259236,0.77500000,3872.97000000,0.843
1749259236,0.77400000,514.46000000,0.843
1749259236,0.77300000,123.39000000,0.843
1749259236,0.77200000,133.44000000,0.843
1749259236,0.77100000,618.72000000,0.843
1749259236,0.77000000,16133.81000000,0.843
1749259236,0.76900000,1996.88000000,0.843
1749259236,0.76800000,847.04000000,0.843
1749259236,0.76700000,1597.00000000,0.843
1749259236,0.76600000,734.87000000,0.843
1749259236,0.76500000,12323.29000000,0.843
1749259236,0.76400000,76.89000000,0.843
1749259236,0.76300000,5023.94000000,0.843
1749259236,0.76200000,19734.10000000,0.843
1749259236,0.76100000,12593.26000000,0.843
1749259236,0.76000000,13830.00000000,0.843
1749259236,0.75900000,1597.17000000,0.843
1749259236,0.75800000,802.80000000,0.843
1749259236,0.75700000,82.66000000,0.843
1749259236,0.75600000,275.72000000,0.843
1749259236,0.75500000,34607.54000000,0.843
1749259236,0.75400000,675.61000000,0.843
1749259236,0.75300000,10853.70000000,0.843
1749259236,0.75200000,1383.11000000,0.843
1749259236,0.75100000,1511.11000000,0.843
1749259236,0.75000000,274288.63000000,0.843
1749259236,0.74900000,865.35000000,0.843
1749259236,0.74800000,256.68000000,0.843
1749259236,0.74700000,866.72000000,0.843
1749259236,0.74600000,45.43000000,0.843
1749259236,0.74500000,627.89000000,0.843
1749259236,0.74400000,795.48000000,0.843
1749259236,0.74300000,202.27000000,0.843
