timestamp,price,volume,current_price
1749260709,0.83700000,42632.51000000,0.838
1749260709,0.83600000,259148.98000000,0.838
1749260709,0.83500000,182788.03000000,0.838
1749260709,0.83400000,95524.53000000,0.838
1749260709,0.83300000,82655.38000000,0.838
1749260709,0.83200000,123566.56000000,0.838
1749260709,0.83100000,135751.22000000,0.838
1749260709,0.83000000,137482.34000000,0.838
1749260709,0.82900000,84281.74000000,0.838
1749260709,0.82800000,38154.12000000,0.838
1749260709,0.82700000,64488.52000000,0.838
1749260709,0.82600000,137139.58000000,0.838
1749260709,0.82500000,21042.48000000,0.838
1749260709,0.82400000,20003.11000000,0.838
1749260709,0.82300000,36425.01000000,0.838
1749260709,0.82200000,73333.98000000,0.838
1749260709,0.82100000,42828.23000000,0.838
1749260709,0.82000000,20067.15000000,0.838
1749260709,0.81900000,14264.56000000,0.838
1749260709,0.81800000,8986.61000000,0.838
1749260709,0.81700000,7681.60000000,0.838
1749260709,0.81600000,31804.94000000,0.838
1749260709,0.81500000,41030.11000000,0.838
1749260709,0.81400000,8010.89000000,0.838
1749260709,0.81300000,50861.64000000,0.838
1749260709,0.81200000,8460.37000000,0.838
1749260709,0.81100000,8513.11000000,0.838
1749260709,0.81000000,55434.58000000,0.838
1749260709,0.80900000,33729.22000000,0.838
1749260709,0.80800000,9726.28000000,0.838
1749260709,0.80700000,9027.49000000,0.838
1749260709,0.80600000,9228.92000000,0.838
1749260709,0.80500000,11548.17000000,0.838
1749260709,0.80400000,7423.84000000,0.838
1749260709,0.80300000,17540.70000000,0.838
1749260709,0.80200000,22808.42000000,0.838
1749260709,0.80100000,7615.30000000,0.838
1749260709,0.80000000,107886.00000000,0.838
1749260709,0.79900000,7899.80000000,0.838
1749260709,0.79800000,6239.68000000,0.838
1749260709,0.79700000,4949.01000000,0.838
1749260709,0.79600000,2005.45000000,0.838
1749260709,0.79500000,3637.19000000,0.838
1749260709,0.79400000,1156.80000000,0.838
1749260709,0.79300000,161.44000000,0.838
1749260709,0.79200000,892.68000000,0.838
1749260709,0.79100000,1226.22000000,0.838
1749260709,0.79000000,39395.09000000,0.838
1749260709,0.78900000,952.00000000,0.838
1749260709,0.78800000,8370.60000000,0.838
1749260709,0.78700000,4272.39000000,0.838
1749260709,0.78600000,3172.95000000,0.838
1749260709,0.78500000,1119.16000000,0.838
1749260709,0.78400000,187.90000000,0.838
1749260709,0.78300000,1926.25000000,0.838
1749260709,0.78200000,2751.87000000,0.838
1749260709,0.78100000,1023.75000000,0.838
1749260709,0.78000000,52300.54000000,0.838
1749260709,0.77900000,6500.17000000,0.838
1749260709,0.77800000,529.00000000,0.838
1749260709,0.77700000,4651.81000000,0.838
1749260709,0.77600000,4093.20000000,0.838
1749260709,0.77500000,3872.97000000,0.838
1749260709,0.77400000,514.46000000,0.838
1749260709,0.77300000,123.39000000,0.838
1749260709,0.77200000,133.44000000,0.838
1749260709,0.77100000,618.72000000,0.838
1749260709,0.77000000,16133.81000000,0.838
1749260709,0.76900000,1996.88000000,0.838
1749260709,0.76800000,847.04000000,0.838
1749260709,0.76700000,1597.00000000,0.838
1749260709,0.76600000,746.73000000,0.838
1749260709,0.76500000,12335.16000000,0.838
1749260709,0.76400000,88.78000000,0.838
1749260709,0.76300000,5035.84000000,0.838
1749260709,0.76200000,19746.01000000,0.838
1749260709,0.76100000,12593.26000000,0.838
1749260709,0.76000000,13743.60000000,0.838
1749260709,0.75900000,1578.42000000,0.838
1749260709,0.75800000,797.04000000,0.838
1749260709,0.75700000,44.50000000,0.838
1749260709,0.75600000,275.72000000,0.838
1749260709,0.75500000,34607.54000000,0.838
1749260709,0.75400000,675.61000000,0.838
1749260709,0.75300000,10853.70000000,0.838
1749260709,0.75200000,1417.91000000,0.838
1749260709,0.75100000,1528.63000000,0.838
1749260709,0.75000000,289644.44000000,0.838
1749260709,0.74900000,929.59000000,0.838
1749260709,0.74800000,256.68000000,0.838
1749260709,0.74700000,866.72000000,0.838
1749260709,0.74600000,45.43000000,0.838
1749260709,0.74500000,627.89000000,0.838
1749260709,0.74400000,795.48000000,0.838
1749260709,0.74300000,202.27000000,0.838
1749260709,0.74200000,582.67000000,0.838
1749260709,0.74100000,110.59000000,0.838
1749260709,0.74000000,4529.13000000,0.838
1749260709,0.73900000,27.07000000,0.838
1749260709,0.73800000,223.29000000,0.838
1749261029,0.83700000,22973.43000000,0.838
1749261029,0.83600000,285267.63000000,0.838
1749261029,0.83500000,322992.15000000,0.838
1749261029,0.83400000,117068.28000000,0.838
1749261029,0.83300000,167466.52000000,0.838
1749261029,0.83200000,33884.97000000,0.838
1749261029,0.83100000,68714.85000000,0.838
1749261029,0.83000000,32302.35000000,0.838
1749261029,0.82900000,151100.41000000,0.838
1749261029,0.82800000,12922.84000000,0.838
1749261029,0.82700000,66716.51000000,0.838
1749261029,0.82600000,21636.36000000,0.838
1749261029,0.82500000,130068.67000000,0.838
1749261029,0.82400000,42684.72000000,0.838
1749261029,0.82300000,11152.14000000,0.838
1749261029,0.82200000,12262.22000000,0.838
1749261029,0.82100000,18941.04000000,0.838
1749261029,0.82000000,23308.95000000,0.838
1749261029,0.81900000,14750.06000000,0.838
1749261029,0.81800000,28530.42000000,0.838
1749261029,0.81700000,7773.48000000,0.838
1749261029,0.81600000,9022.92000000,0.838
1749261029,0.81500000,41521.04000000,0.838
1749261029,0.81400000,8257.16000000,0.838
1749261029,0.81300000,50326.51000000,0.838
1749261029,0.81200000,28820.17000000,0.838
1749261029,0.81100000,8513.11000000,0.838
1749261029,0.81000000,60213.67000000,0.838
1749261029,0.80900000,8688.68000000,0.838
1749261029,0.80800000,9480.22000000,0.838
1749261029,0.80700000,9269.24000000,0.838
1749261029,0.80600000,19256.16000000,0.838
1749261029,0.80500000,11300.16000000,0.838
1749261029,0.80400000,7423.84000000,0.838
1749261029,0.80300000,7630.40000000,0.838
1749261029,0.80200000,22751.10000000,0.838
1749261029,0.80100000,7466.36000000,0.838
1749261029,0.80000000,105501.00000000,0.838
1749261029,0.79900000,7828.93000000,0.838
1749261029,0.79800000,6168.62000000,0.838
1749261029,0.79700000,4828.45000000,0.838
1749261029,0.79600000,2005.45000000,0.838
1749261029,0.79500000,3674.93000000,0.838
1749261029,0.79400000,1156.80000000,0.838
1749261029,0.79300000,161.44000000,0.838
1749261029,0.79200000,892.68000000,0.838
1749261029,0.79100000,1226.22000000,0.838
1749261029,0.79000000,39373.35000000,0.838
1749261029,0.78900000,952.00000000,0.838
1749261029,0.78800000,8370.60000000,0.838
1749261029,0.78700000,4272.39000000,0.838
1749261029,0.78600000,3172.95000000,0.838
1749261029,0.78500000,1119.16000000,0.838
1749261029,0.78400000,187.90000000,0.838
1749261029,0.78300000,1926.25000000,0.838
1749261029,0.78200000,2751.87000000,0.838
1749261029,0.78100000,1023.75000000,0.838
1749261029,0.78000000,52300.54000000,0.838
1749261029,0.77900000,6500.17000000,0.838
1749261029,0.77800000,529.00000000,0.838
1749261029,0.77700000,4651.81000000,0.838
1749261029,0.77600000,4093.20000000,0.838
1749261029,0.77500000,3872.97000000,0.838
1749261029,0.77400000,514.46000000,0.838
1749261029,0.77300000,123.39000000,0.838
1749261029,0.77200000,650.67000000,0.838
1749261029,0.77100000,618.72000000,0.838
1749261029,0.77000000,16133.81000000,0.838
1749261029,0.76900000,1996.88000000,0.838
1749261029,0.76800000,847.04000000,0.838
1749261029,0.76700000,1597.00000000,0.838
1749261029,0.76600000,746.73000000,0.838
1749261029,0.76500000,12335.16000000,0.838
1749261029,0.76400000,88.78000000,0.838
1749261029,0.76300000,5035.84000000,0.838
1749261029,0.76200000,19746.01000000,0.838
1749261029,0.76100000,12593.26000000,0.838
1749261029,0.76000000,13743.60000000,0.838
1749261029,0.75900000,1578.42000000,0.838
1749261029,0.75800000,797.04000000,0.838
1749261029,0.75700000,44.50000000,0.838
1749261029,0.75600000,281.52000000,0.838
1749261029,0.75500000,34607.54000000,0.838
1749261029,0.75400000,675.61000000,0.838
1749261029,0.75300000,10903.00000000,0.838
1749261029,0.75200000,1438.21000000,0.838
1749261029,0.75100000,1528.63000000,0.838
1749261029,0.75000000,289632.76000000,0.838
1749261029,0.74900000,865.35000000,0.838
1749261029,0.74800000,256.68000000,0.838
1749261029,0.74700000,866.72000000,0.838
1749261029,0.74600000,45.43000000,0.838
1749261029,0.74500000,627.89000000,0.838
1749261029,0.74400000,795.48000000,0.838
1749261029,0.74300000,202.27000000,0.838
1749261029,0.74200000,582.67000000,0.838
1749261029,0.74100000,110.59000000,0.838
1749261029,0.74000000,4529.13000000,0.838
1749261029,0.73900000,27.07000000,0.838
1749261029,0.73800000,223.29000000,0.838
1749261339,0.83800000,22618.51000000,0.838
1749261339,0.83700000,227014.65000000,0.838
1749261339,0.83600000,229641.08000000,0.838
1749261339,0.83500000,165187.75000000,0.838
1749261339,0.83400000,145009.61000000,0.838
1749261339,0.83300000,161243.65000000,0.838
1749261339,0.83200000,37807.14000000,0.838
1749261339,0.83100000,52606.26000000,0.838
1749261339,0.83000000,35371.50000000,0.838
1749261339,0.82900000,129334.45000000,0.838
1749261339,0.82800000,42994.69000000,0.838
1749261339,0.82700000,59021.50000000,0.838
1749261339,0.82600000,23107.69000000,0.838
1749261339,0.82500000,101017.81000000,0.838
1749261339,0.82400000,41920.71000000,0.838
1749261339,0.82300000,34710.55000000,0.838
1749261339,0.82200000,11728.05000000,0.838
1749261339,0.82100000,19681.46000000,0.838
1749261339,0.82000000,19547.05000000,0.838
1749261339,0.81900000,15078.72000000,0.838
1749261339,0.81800000,27920.26000000,0.838
1749261339,0.81700000,8017.84000000,0.838
1749261339,0.81600000,8282.78000000,0.838
1749261339,0.81500000,40882.71000000,0.838
1749261339,0.81400000,8171.34000000,0.838
1749261339,0.81300000,50449.28000000,0.838
1749261339,0.81200000,29066.03000000,0.838
1749261339,0.81100000,8636.19000000,0.838
1749261339,0.81000000,61631.82000000,0.838
1749261339,0.80900000,8688.68000000,0.838
1749261339,0.80800000,10162.19000000,0.838
1749261339,0.80700000,8592.07000000,0.838
1749261339,0.80600000,19256.16000000,0.838
1749261339,0.80500000,11300.16000000,0.838
1749261339,0.80400000,7423.84000000,0.838
1749261339,0.80300000,7630.40000000,0.838
1749261339,0.80200000,22751.10000000,0.838
1749261339,0.80100000,7466.36000000,0.838
1749261339,0.80000000,105501.00000000,0.838
1749261339,0.79900000,7828.93000000,0.838
1749261339,0.79800000,6629.07000000,0.838
1749261339,0.79700000,323.11000000,0.838
1749261339,0.79600000,1378.41000000,0.838
1749261339,0.79500000,3373.96000000,0.838
1749261339,0.79400000,1156.80000000,0.838
1749261339,0.79300000,161.44000000,0.838
1749261339,0.79200000,892.68000000,0.838
1749261339,0.79100000,1226.22000000,0.838
1749261339,0.79000000,39824.71000000,0.838
1749261339,0.78900000,952.00000000,0.838
1749261339,0.78800000,8370.60000000,0.838
1749261339,0.78700000,4272.39000000,0.838
1749261339,0.78600000,3172.95000000,0.838
1749261339,0.78500000,1119.16000000,0.838
1749261339,0.78400000,187.90000000,0.838
1749261339,0.78300000,1926.25000000,0.838
1749261339,0.78200000,2751.87000000,0.838
1749261339,0.78100000,1023.75000000,0.838
1749261339,0.78000000,52300.54000000,0.838
1749261339,0.77900000,6500.17000000,0.838
1749261339,0.77800000,529.00000000,0.838
1749261339,0.77700000,4651.81000000,0.838
1749261339,0.77600000,4093.20000000,0.838
1749261339,0.77500000,3872.97000000,0.838
1749261339,0.77400000,514.46000000,0.838
1749261339,0.77300000,639.95000000,0.838
1749261339,0.77200000,133.44000000,0.838
1749261339,0.77100000,618.72000000,0.838
1749261339,0.77000000,16133.81000000,0.838
1749261339,0.76900000,1996.88000000,0.838
1749261339,0.76800000,847.04000000,0.838
1749261339,0.76700000,1597.00000000,0.838
1749261339,0.76600000,746.73000000,0.838
1749261339,0.76500000,12335.16000000,0.838
1749261339,0.76400000,88.78000000,0.838
1749261339,0.76300000,5035.84000000,0.838
1749261339,0.76200000,19734.10000000,0.838
1749261339,0.76100000,12593.26000000,0.838
1749261339,0.76000000,13743.60000000,0.838
1749261339,0.75900000,1578.42000000,0.838
1749261339,0.75800000,797.04000000,0.838
1749261339,0.75700000,44.50000000,0.838
1749261339,0.75600000,281.52000000,0.838
1749261339,0.75500000,34607.54000000,0.838
1749261339,0.75400000,698.81000000,0.838
1749261339,0.75300000,10937.80000000,0.838
1749261339,0.75200000,1403.41000000,0.838
1749261339,0.75100000,1570.38000000,0.838
1749261339,0.75000000,289626.92000000,0.838
1749261339,0.74900000,865.35000000,0.838
1749261339,0.74800000,256.68000000,0.838
1749261339,0.74700000,866.72000000,0.838
1749261339,0.74600000,45.43000000,0.838
1749261339,0.74500000,627.89000000,0.838
1749261339,0.74400000,795.48000000,0.838
1749261339,0.74300000,202.27000000,0.838
1749261339,0.74200000,582.67000000,0.838
1749261339,0.74100000,110.59000000,0.838
1749261339,0.74000000,4529.13000000,0.838
1749261339,0.73900000,27.07000000,0.838
1749261641,0.83800000,88557.09000000,0.838
1749261641,0.83700000,248416.70000000,0.838
1749261641,0.83600000,172117.16000000,0.838
1749261641,0.83500000,243843.90000000,0.838
1749261641,0.83400000,63288.53000000,0.838
1749261641,0.83300000,171700.99000000,0.838
1749261641,0.83200000,45545.35000000,0.838
1749261641,0.83100000,33142.69000000,0.838
1749261641,0.83000000,45150.89000000,0.838
1749261641,0.82900000,135075.21000000,0.838
1749261641,0.82800000,35673.23000000,0.838
1749261641,0.82700000,38069.03000000,0.838
1749261641,0.82600000,46591.53000000,0.838
1749261641,0.82500000,100309.19000000,0.838
1749261641,0.82400000,11172.26000000,0.838
1749261641,0.82300000,16748.32000000,0.838
1749261641,0.82200000,14436.02000000,0.838
1749261641,0.82100000,19073.56000000,0.838
1749261641,0.82000000,19509.32000000,0.838
1749261641,0.81900000,7674.25000000,0.838
1749261641,0.81800000,27798.23000000,0.838
1749261641,0.81700000,7894.36000000,0.838
1749261641,0.81600000,7952.50000000,0.838
1749261641,0.81500000,42739.44000000,0.838
1749261641,0.81400000,7889.27000000,0.838
1749261641,0.81300000,50080.94000000,0.838
1749261641,0.81200000,28574.31000000,0.838
1749261641,0.81100000,13287.32000000,0.838
1749261641,0.81000000,56729.97000000,0.838
1749261641,0.80900000,8688.68000000,0.838
1749261641,0.80800000,9480.22000000,0.838
1749261641,0.80700000,8344.68000000,0.838
1749261641,0.80600000,19256.16000000,0.838
1749261641,0.80500000,11300.16000000,0.838
1749261641,0.80400000,7423.84000000,0.838
1749261641,0.80300000,7630.40000000,0.838
1749261641,0.80200000,20366.10000000,0.838
1749261641,0.80100000,5081.36000000,0.838
1749261641,0.80000000,105501.00000000,0.838
1749261641,0.79900000,7801.96000000,0.838
1749261641,0.79800000,6582.22000000,0.838
1749261641,0.79700000,323.11000000,0.838
1749261641,0.79600000,1378.41000000,0.838
1749261641,0.79500000,3399.12000000,0.838
1749261641,0.79400000,1156.80000000,0.838
1749261641,0.79300000,161.44000000,0.838
1749261641,0.79200000,880.06000000,0.838
1749261641,0.79100000,1213.58000000,0.838
1749261641,0.79000000,39824.71000000,0.838
1749261641,0.78900000,952.00000000,0.838
1749261641,0.78800000,8370.60000000,0.838
1749261641,0.78700000,4272.39000000,0.838
1749261641,0.78600000,3172.95000000,0.838
1749261641,0.78500000,1119.16000000,0.838
1749261641,0.78400000,187.90000000,0.838
1749261641,0.78300000,1926.25000000,0.838
1749261641,0.78200000,2751.87000000,0.838
1749261641,0.78100000,1023.75000000,0.838
1749261641,0.78000000,49459.44000000,0.838
1749261641,0.77900000,6500.17000000,0.838
1749261641,0.77800000,529.00000000,0.838
1749261641,0.77700000,4651.81000000,0.838
1749261641,0.77600000,4093.20000000,0.838
1749261641,0.77500000,3872.97000000,0.838
1749261641,0.77400000,514.46000000,0.838
1749261641,0.77300000,639.95000000,0.838
1749261641,0.77200000,133.44000000,0.838
1749261641,0.77100000,618.72000000,0.838
1749261641,0.77000000,16133.81000000,0.838
1749261641,0.76900000,1996.88000000,0.838
1749261641,0.76800000,847.04000000,0.838
1749261641,0.76700000,1597.00000000,0.838
1749261641,0.76600000,746.73000000,0.838
1749261641,0.76500000,12335.16000000,0.838
1749261641,0.76400000,88.78000000,0.838
1749261641,0.76300000,5035.84000000,0.838
1749261641,0.76200000,19734.10000000,0.838
1749261641,0.76100000,12593.26000000,0.838
1749261641,0.76000000,13743.60000000,0.838
1749261641,0.75900000,1578.42000000,0.838
1749261641,0.75800000,797.04000000,0.838
1749261641,0.75700000,44.50000000,0.838
1749261641,0.75600000,275.72000000,0.838
1749261641,0.75500000,34619.14000000,0.838
1749261641,0.75400000,713.31000000,0.838
1749261641,0.75300000,10908.80000000,0.838
1749261641,0.75200000,1383.11000000,0.838
1749261641,0.75100000,1072.82000000,0.838
1749261641,0.75000000,289210.92000000,0.838
1749261641,0.74900000,865.35000000,0.838
1749261641,0.74800000,256.68000000,0.838
1749261641,0.74700000,866.72000000,0.838
1749261641,0.74600000,45.43000000,0.838
1749261641,0.74500000,627.89000000,0.838
1749261641,0.74400000,795.48000000,0.838
1749261641,0.74300000,202.27000000,0.838
1749261641,0.74200000,582.67000000,0.838
1749261641,0.74100000,110.59000000,0.838
1749261641,0.74000000,4529.13000000,0.838
1749261641,0.73900000,27.07000000,0.838
1749261947,0.83700000,23701.95000000,0.838
1749261947,0.83600000,261188.55000000,0.838
1749261947,0.83500000,343148.27000000,0.838
1749261947,0.83400000,128680.79000000,0.838
1749261947,0.83300000,166806.21000000,0.838
1749261947,0.83200000,47433.47000000,0.838
1749261947,0.83100000,38030.35000000,0.838
1749261947,0.83000000,45283.90000000,0.838
1749261947,0.82900000,140408.92000000,0.838
1749261947,0.82800000,38421.31000000,0.838
1749261947,0.82700000,30719.16000000,0.838
1749261947,0.82600000,47863.19000000,0.838
1749261947,0.82500000,105381.76000000,0.838
1749261947,0.82400000,11205.28000000,0.838
1749261947,0.82300000,34141.70000000,0.838
1749261947,0.82200000,14314.58000000,0.838
1749261947,0.82100000,19073.56000000,0.838
1749261947,0.82000000,18526.31000000,0.838
1749261947,0.81900000,14592.42000000,0.838
1749261947,0.81800000,27798.23000000,0.838
1749261947,0.81700000,7529.12000000,0.838
1749261947,0.81600000,8692.62000000,0.838
1749261947,0.81500000,42739.44000000,0.838
1749261947,0.81400000,7889.27000000,0.838
1749261947,0.81300000,50080.94000000,0.838
1749261947,0.81200000,28574.31000000,0.838
1749261947,0.81100000,13286.37000000,0.838
1749261947,0.81000000,56729.97000000,0.838
1749261947,0.80900000,9369.81000000,0.838
1749261947,0.80800000,9480.22000000,0.838
1749261947,0.80700000,8592.07000000,0.838
1749261947,0.80600000,19256.16000000,0.838
1749261947,0.80500000,11300.16000000,0.838
1749261947,0.80400000,7423.84000000,0.838
1749261947,0.80300000,7630.40000000,0.838
1749261947,0.80200000,22751.10000000,0.838
1749261947,0.80100000,5081.36000000,0.838
1749261947,0.80000000,105501.00000000,0.838
1749261947,0.79900000,7801.96000000,0.838
1749261947,0.79800000,6368.93000000,0.838
1749261947,0.79700000,4599.16000000,0.838
1749261947,0.79600000,1378.41000000,0.838
1749261947,0.79500000,3399.12000000,0.838
1749261947,0.79400000,1169.39000000,0.838
1749261947,0.79300000,161.44000000,0.838
1749261947,0.79200000,867.44000000,0.838
1749261947,0.79100000,1213.58000000,0.838
1749261947,0.79000000,82659.87000000,0.838
1749261947,0.78900000,952.00000000,0.838
1749261947,0.78800000,8370.60000000,0.838
1749261947,0.78700000,4272.39000000,0.838
1749261947,0.78600000,3172.95000000,0.838
1749261947,0.78500000,1119.16000000,0.838
1749261947,0.78400000,187.90000000,0.838
1749261947,0.78300000,1926.25000000,0.838
1749261947,0.78200000,2751.87000000,0.838
1749261947,0.78100000,1023.75000000,0.838
1749261947,0.78000000,49459.44000000,0.838
1749261947,0.77900000,6500.17000000,0.838
1749261947,0.77800000,529.00000000,0.838
1749261947,0.77700000,4651.81000000,0.838
1749261947,0.77600000,4093.20000000,0.838
1749261947,0.77500000,3872.97000000,0.838
1749261947,0.77400000,514.46000000,0.838
1749261947,0.77300000,123.39000000,0.838
1749261947,0.77200000,650.67000000,0.838
1749261947,0.77100000,618.72000000,0.838
1749261947,0.77000000,16133.81000000,0.838
1749261947,0.76900000,1996.88000000,0.838
1749261947,0.76800000,847.04000000,0.838
1749261947,0.76700000,1597.00000000,0.838
1749261947,0.76600000,746.73000000,0.838
1749261947,0.76500000,12335.16000000,0.838
1749261947,0.76400000,88.78000000,0.838
1749261947,0.76300000,5035.84000000,0.838
1749261947,0.76200000,19746.01000000,0.838
1749261947,0.76100000,12593.26000000,0.838
1749261947,0.76000000,13743.60000000,0.838
1749261947,0.75900000,1578.42000000,0.838
1749261947,0.75800000,797.04000000,0.838
1749261947,0.75700000,44.50000000,0.838
1749261947,0.75600000,275.72000000,0.838
1749261947,0.75500000,34630.74000000,0.838
1749261947,0.75400000,713.31000000,0.838
1749261947,0.75300000,10903.00000000,0.838
1749261947,0.75200000,1406.31000000,0.838
1749261947,0.75100000,1072.82000000,0.838
1749261947,0.75000000,289200.03000000,0.838
1749261947,0.74900000,865.35000000,0.838
1749261947,0.74800000,256.68000000,0.838
1749261947,0.74700000,866.72000000,0.838
1749261947,0.74600000,45.43000000,0.838
1749261947,0.74500000,627.89000000,0.838
1749261947,0.74400000,795.48000000,0.838
1749261947,0.74300000,202.27000000,0.838
1749261947,0.74200000,582.67000000,0.838
1749261947,0.74100000,110.59000000,0.838
1749261947,0.74000000,4529.13000000,0.838
1749261947,0.73900000,27.07000000,0.838
1749261947,0.73800000,223.29000000,0.838
1749262249,0.83900000,16314.85000000,0.839
1749262249,0.83800000,204877.10000000,0.839
1749262249,0.83700000,208266.81000000,0.839
1749262249,0.83600000,173982.41000000,0.839
1749262249,0.83500000,172555.21000000,0.839
1749262249,0.83400000,44019.30000000,0.839
1749262249,0.83300000,160454.62000000,0.839
1749262249,0.83200000,22560.27000000,0.839
1749262249,0.83100000,112745.67000000,0.839
1749262249,0.83000000,34183.81000000,0.839
1749262249,0.82900000,60064.59000000,0.839
1749262249,0.82800000,16428.52000000,0.839
1749262249,0.82700000,34500.73000000,0.839
1749262249,0.82600000,40358.54000000,0.839
1749262249,0.82500000,93464.78000000,0.839
1749262249,0.82400000,7876.84000000,0.839
1749262249,0.82300000,33917.18000000,0.839
1749262249,0.82200000,9063.93000000,0.839
1749262249,0.82100000,19073.56000000,0.839
1749262249,0.82000000,22939.50000000,0.839
1749262249,0.81900000,7795.12000000,0.839
1749262249,0.81800000,27798.23000000,0.839
1749262249,0.81700000,7529.12000000,0.839
1749262249,0.81600000,9207.84000000,0.839
1749262249,0.81500000,43480.47000000,0.839
1749262249,0.81400000,7889.27000000,0.839
1749262249,0.81300000,50080.94000000,0.839
1749262249,0.81200000,33342.42000000,0.839
1749262249,0.81100000,8513.11000000,0.839
1749262249,0.81000000,56729.97000000,0.839
1749262249,0.80900000,8688.68000000,0.839
1749262249,0.80800000,10162.19000000,0.839
1749262249,0.80700000,8592.07000000,0.839
1749262249,0.80600000,19256.16000000,0.839
1749262249,0.80500000,11300.16000000,0.839
1749262249,0.80400000,7423.84000000,0.839
1749262249,0.80300000,7630.40000000,0.839
1749262249,0.80200000,22751.10000000,0.839
1749262249,0.80100000,5081.36000000,0.839
1749262249,0.80000000,105501.00000000,0.839
1749262249,0.79900000,7444.94000000,0.839
1749262249,0.79800000,2066.57000000,0.839
1749262249,0.79700000,335.66000000,0.839
1749262249,0.79600000,1378.41000000,0.839
1749262249,0.79500000,3386.54000000,0.839
1749262249,0.79400000,1169.39000000,0.839
1749262249,0.79300000,161.44000000,0.839
1749262249,0.79200000,867.44000000,0.839
1749262249,0.79100000,1213.58000000,0.839
1749262249,0.79000000,82659.87000000,0.839
1749262249,0.78900000,952.00000000,0.839
1749262249,0.78800000,8370.60000000,0.839
1749262249,0.78700000,4272.39000000,0.839
1749262249,0.78600000,3172.95000000,0.839
1749262249,0.78500000,1119.16000000,0.839
1749262249,0.78400000,187.90000000,0.839
1749262249,0.78300000,1926.25000000,0.839
1749262249,0.78200000,2751.87000000,0.839
1749262249,0.78100000,1023.75000000,0.839
1749262249,0.78000000,49459.44000000,0.839
1749262249,0.77900000,6500.17000000,0.839
1749262249,0.77800000,529.00000000,0.839
1749262249,0.77700000,4651.81000000,0.839
1749262249,0.77600000,4093.20000000,0.839
1749262249,0.77500000,3872.97000000,0.839
1749262249,0.77400000,1030.36000000,0.839
1749262249,0.77300000,123.39000000,0.839
1749262249,0.77200000,133.44000000,0.839
1749262249,0.77100000,618.72000000,0.839
1749262249,0.77000000,16133.81000000,0.839
1749262249,0.76900000,1996.88000000,0.839
1749262249,0.76800000,847.04000000,0.839
1749262249,0.76700000,1597.00000000,0.839
1749262249,0.76600000,746.73000000,0.839
1749262249,0.76500000,12335.16000000,0.839
1749262249,0.76400000,88.78000000,0.839
1749262249,0.76300000,5023.94000000,0.839
1749262249,0.76200000,19734.10000000,0.839
1749262249,0.76100000,12593.26000000,0.839
1749262249,0.76000000,13743.60000000,0.839
1749262249,0.75900000,1578.42000000,0.839
1749262249,0.75800000,797.04000000,0.839
1749262249,0.75700000,44.50000000,0.839
1749262249,0.75600000,275.72000000,0.839
1749262249,0.75500000,34619.14000000,0.839
1749262249,0.75400000,745.21000000,0.839
1749262249,0.75300000,10882.70000000,0.839
1749262249,0.75200000,1406.31000000,0.839
1749262249,0.75100000,1072.82000000,0.839
1749262249,0.75000000,289200.03000000,0.839
1749262249,0.74900000,865.35000000,0.839
1749262249,0.74800000,256.68000000,0.839
1749262249,0.74700000,866.72000000,0.839
1749262249,0.74600000,45.43000000,0.839
1749262249,0.74500000,627.89000000,0.839
1749262249,0.74400000,795.48000000,0.839
1749262249,0.74300000,202.27000000,0.839
1749262249,0.74200000,582.67000000,0.839
1749262249,0.74100000,110.59000000,0.839
1749262249,0.74000000,4529.13000000,0.839
1749262551,0.84300000,95679.44000000,0.843
1749262551,0.84200000,305227.50000000,0.843
1749262551,0.84100000,153401.79000000,0.843
1749262551,0.84000000,109998.57000000,0.843
1749262551,0.83900000,124278.16000000,0.843
1749262551,0.83800000,123250.11000000,0.843
1749262551,0.83700000,168938.01000000,0.843
1749262551,0.83600000,44497.12000000,0.843
1749262551,0.83500000,36534.00000000,0.843
1749262551,0.83400000,55077.20000000,0.843
1749262551,0.83300000,98504.99000000,0.843
1749262551,0.83200000,25264.82000000,0.843
1749262551,0.83100000,19015.29000000,0.843
1749262551,0.83000000,46429.33000000,0.843
1749262551,0.82900000,109263.26000000,0.843
1749262551,0.82800000,10019.90000000,0.843
1749262551,0.82700000,29629.23000000,0.843
1749262551,0.82600000,15172.74000000,0.843
1749262551,0.82500000,14264.10000000,0.843
1749262551,0.82400000,21129.73000000,0.843
1749262551,0.82300000,7770.21000000,0.843
1749262551,0.82200000,10311.94000000,0.843
1749262551,0.82100000,18854.72000000,0.843
1749262551,0.82000000,10034.79000000,0.843
1749262551,0.81900000,7796.13000000,0.843
1749262551,0.81800000,29262.60000000,0.843
1749262551,0.81700000,12268.69000000,0.843
1749262551,0.81600000,9171.13000000,0.843
1749262551,0.81500000,42739.44000000,0.843
1749262551,0.81400000,7889.27000000,0.843
1749262551,0.81300000,50669.50000000,0.843
1749262551,0.81200000,28820.18000000,0.843
1749262551,0.81100000,8513.11000000,0.843
1749262551,0.81000000,56729.97000000,0.843
1749262551,0.80900000,8688.68000000,0.843
1749262551,0.80800000,9480.22000000,0.843
1749262551,0.80700000,8306.26000000,0.843
1749262551,0.80600000,19256.16000000,0.843
1749262551,0.80500000,11300.16000000,0.843
1749262551,0.80400000,5038.84000000,0.843
1749262551,0.80300000,4625.24000000,0.843
1749262551,0.80200000,15579.69000000,0.843
1749262551,0.80100000,357.90000000,0.843
1749262551,0.80000000,100760.13000000,0.843
1749262551,0.79900000,3299.48000000,0.843
1749262551,0.79800000,2001.06000000,0.843
1749262551,0.79700000,348.21000000,0.843
1749262551,0.79600000,1378.41000000,0.843
1749262551,0.79500000,3537.23000000,0.843
1749262551,0.79400000,1169.39000000,0.843
1749262551,0.79300000,161.44000000,0.843
1749262551,0.79200000,867.44000000,0.843
1749262551,0.79100000,1213.58000000,0.843
1749262551,0.79000000,82659.87000000,0.843
1749262551,0.78900000,952.00000000,0.843
1749262551,0.78800000,8370.60000000,0.843
1749262551,0.78700000,4272.39000000,0.843
1749262551,0.78600000,3172.95000000,0.843
1749262551,0.78500000,1119.16000000,0.843
1749262551,0.78400000,187.90000000,0.843
1749262551,0.78300000,1926.25000000,0.843
1749262551,0.78200000,2751.87000000,0.843
1749262551,0.78100000,1023.75000000,0.843
1749262551,0.78000000,49459.44000000,0.843
1749262551,0.77900000,6500.17000000,0.843
1749262551,0.77800000,529.00000000,0.843
1749262551,0.77700000,4651.81000000,0.843
1749262551,0.77600000,4607.77000000,0.843
1749262551,0.77500000,3872.97000000,0.843
1749262551,0.77400000,514.46000000,0.843
1749262551,0.77300000,123.39000000,0.843
1749262551,0.77200000,133.44000000,0.843
1749262551,0.77100000,618.72000000,0.843
1749262551,0.77000000,16133.81000000,0.843
1749262551,0.76900000,1996.88000000,0.843
1749262551,0.76800000,847.04000000,0.843
1749262551,0.76700000,1585.14000000,0.843
1749262551,0.76600000,734.87000000,0.843
1749262551,0.76500000,12323.29000000,0.843
1749262551,0.76400000,76.89000000,0.843
1749262551,0.76300000,5023.94000000,0.843
1749262551,0.76200000,19734.10000000,0.843
1749262551,0.76100000,12593.26000000,0.843
1749262551,0.76000000,13709.16000000,0.843
1749262551,0.75900000,1595.70000000,0.843
1749262551,0.75800000,808.56000000,0.843
1749262551,0.75700000,50.30000000,0.843
1749262551,0.75600000,287.32000000,0.843
1749262551,0.75500000,34630.74000000,0.843
1749262551,0.75400000,733.61000000,0.843
1749262551,0.75300000,10859.50000000,0.843
1749262551,0.75200000,1383.11000000,0.843
1749262551,0.75100000,1170.78000000,0.843
1749262551,0.75000000,289200.03000000,0.843
1749262551,0.74900000,865.35000000,0.843
1749262551,0.74800000,256.68000000,0.843
1749262551,0.74700000,866.72000000,0.843
1749262551,0.74600000,45.43000000,0.843
1749262551,0.74500000,654.73000000,0.843
1749262551,0.74400000,795.48000000,0.843
1749262859,0.84000000,22723.82000000,0.841
1749262859,0.83900000,286744.46000000,0.841
1749262859,0.83800000,254555.64000000,0.841
1749262859,0.83700000,192879.38000000,0.841
1749262859,0.83600000,113790.14000000,0.841
1749262859,0.83500000,151046.36000000,0.841
1749262859,0.83400000,113401.36000000,0.841
1749262859,0.83300000,28700.55000000,0.841
1749262859,0.83200000,41637.35000000,0.841
1749262859,0.83100000,16592.61000000,0.841
1749262859,0.83000000,89788.16000000,0.841
1749262859,0.82900000,48075.78000000,0.841
1749262859,0.82800000,36929.58000000,0.841
1749262859,0.82700000,97048.04000000,0.841
1749262859,0.82600000,11094.82000000,0.841
1749262859,0.82500000,12570.26000000,0.841
1749262859,0.82400000,44599.51000000,0.841
1749262859,0.82300000,11563.75000000,0.841
1749262859,0.82200000,9423.74000000,0.841
1749262859,0.82100000,18939.82000000,0.841
1749262859,0.82000000,57609.75000000,0.841
1749262859,0.81900000,8283.65000000,0.841
1749262859,0.81800000,9514.63000000,0.841
1749262859,0.81700000,27869.70000000,0.841
1749262859,0.81600000,8282.78000000,0.841
1749262859,0.81500000,43229.36000000,0.841
1749262859,0.81400000,8134.53000000,0.841
1749262859,0.81300000,54759.32000000,0.841
1749262859,0.81200000,8460.37000000,0.841
1749262859,0.81100000,19420.71000000,0.841
1749262859,0.81000000,56729.97000000,0.841
1749262859,0.80900000,8688.68000000,0.841
1749262859,0.80800000,9480.22000000,0.841
1749262859,0.80700000,8306.26000000,0.841
1749262859,0.80600000,9228.92000000,0.841
1749262859,0.80500000,11300.16000000,0.841
1749262859,0.80400000,6821.27000000,0.841
1749262859,0.80300000,4699.96000000,0.841
1749262859,0.80200000,19860.21000000,0.841
1749262859,0.80100000,4604.14000000,0.841
1749262859,0.80000000,104996.93000000,0.841
1749262859,0.79900000,3299.48000000,0.841
1749262859,0.79800000,2001.06000000,0.841
1749262859,0.79700000,348.21000000,0.841
1749262859,0.79600000,1378.41000000,0.841
1749262859,0.79500000,3524.65000000,0.841
1749262859,0.79400000,1156.80000000,0.841
1749262859,0.79300000,161.44000000,0.841
1749262859,0.79200000,867.44000000,0.841
1749262859,0.79100000,1213.58000000,0.841
1749262859,0.79000000,82659.87000000,0.841
1749262859,0.78900000,952.00000000,0.841
1749262859,0.78800000,8370.60000000,0.841
1749262859,0.78700000,4272.39000000,0.841
1749262859,0.78600000,3172.95000000,0.841
1749262859,0.78500000,1658.39000000,0.841
1749262859,0.78400000,187.90000000,0.841
1749262859,0.78300000,1926.25000000,0.841
1749262859,0.78200000,2751.87000000,0.841
1749262859,0.78100000,1023.75000000,0.841
1749262859,0.78000000,49459.44000000,0.841
1749262859,0.77900000,6500.17000000,0.841
1749262859,0.77800000,529.00000000,0.841
1749262859,0.77700000,5165.72000000,0.841
1749262859,0.77600000,4093.20000000,0.841
1749262859,0.77500000,3872.97000000,0.841
1749262859,0.77400000,514.46000000,0.841
1749262859,0.77300000,123.39000000,0.841
1749262859,0.77200000,133.44000000,0.841
1749262859,0.77100000,618.72000000,0.841
1749262859,0.77000000,16133.81000000,0.841
1749262859,0.76900000,1996.88000000,0.841
1749262859,0.76800000,847.04000000,0.841
1749262859,0.76700000,1596.98000000,0.841
1749262859,0.76600000,746.73000000,0.841
1749262859,0.76500000,12335.16000000,0.841
1749262859,0.76400000,76.89000000,0.841
1749262859,0.76300000,5023.94000000,0.841
1749262859,0.76200000,19734.10000000,0.841
1749262859,0.76100000,12593.26000000,0.841
1749262859,0.76000000,13714.92000000,0.841
1749262859,0.75900000,1601.46000000,0.841
1749262859,0.75800000,808.56000000,0.841
1749262859,0.75700000,99.60000000,0.841
1749262859,0.75600000,293.12000000,0.841
1749262859,0.75500000,34624.94000000,0.841
1749262859,0.75400000,675.61000000,0.841
1749262859,0.75300000,17493.80000000,0.841
1749262859,0.75200000,1383.11000000,0.841
1749262859,0.75100000,1170.78000000,0.841
1749262859,0.75000000,289200.03000000,0.841
1749262859,0.74900000,865.35000000,0.841
1749262859,0.74800000,256.68000000,0.841
1749262859,0.74700000,866.72000000,0.841
1749262859,0.74600000,45.43000000,0.841
1749262859,0.74500000,654.73000000,0.841
1749262859,0.74400000,795.48000000,0.841
1749262859,0.74300000,202.27000000,0.841
1749262859,0.74200000,582.67000000,0.841
1749262859,0.74100000,110.59000000,0.841
1749263160,0.84000000,15943.86000000,0.841
1749263160,0.83900000,273981.94000000,0.841
1749263160,0.83800000,171821.98000000,0.841
1749263160,0.83700000,126412.97000000,0.841
1749263160,0.83600000,219850.49000000,0.841
1749263160,0.83500000,182901.49000000,0.841
1749263160,0.83400000,47413.99000000,0.841
1749263160,0.83300000,31019.00000000,0.841
1749263160,0.83200000,38261.40000000,0.841
1749263160,0.83100000,102076.03000000,0.841
1749263160,0.83000000,51279.68000000,0.841
1749263160,0.82900000,73650.14000000,0.841
1749263160,0.82800000,32858.40000000,0.841
1749263160,0.82700000,76041.81000000,0.841
1749263160,0.82600000,61004.59000000,0.841
1749263160,0.82500000,12195.28000000,0.841
1749263160,0.82400000,27830.47000000,0.841
1749263160,0.82300000,11564.75000000,0.841
1749263160,0.82200000,9917.37000000,0.841
1749263160,0.82100000,19426.14000000,0.841
1749263160,0.82000000,70454.45000000,0.841
1749263160,0.81900000,8527.42000000,0.841
1749263160,0.81800000,8777.33000000,0.841
1749263160,0.81700000,28378.87000000,0.841
1749263160,0.81600000,7952.50000000,0.841
1749263160,0.81500000,43474.32000000,0.841
1749263160,0.81400000,8625.06000000,0.841
1749263160,0.81300000,54881.99000000,0.841
1749263160,0.81200000,8460.37000000,0.841
1749263160,0.81100000,18500.71000000,0.841
1749263160,0.81000000,57410.25000000,0.841
1749263160,0.80900000,8688.68000000,0.841
1749263160,0.80800000,9480.22000000,0.841
1749263160,0.80700000,8553.65000000,0.841
1749263160,0.80600000,9228.92000000,0.841
1749263160,0.80500000,11300.16000000,0.841
1749263160,0.80400000,6821.27000000,0.841
1749263160,0.80300000,7084.96000000,0.841
1749263160,0.80200000,19847.74000000,0.841
1749263160,0.80100000,4591.66000000,0.841
1749263160,0.80000000,104996.93000000,0.841
1749263160,0.79900000,3274.46000000,0.841
1749263160,0.79800000,2026.12000000,0.841
1749263160,0.79700000,348.21000000,0.841
1749263160,0.79600000,1403.53000000,0.841
1749263160,0.79500000,589.62000000,0.841
1749263160,0.79400000,1156.80000000,0.841
1749263160,0.79300000,161.44000000,0.841
1749263160,0.79200000,867.44000000,0.841
1749263160,0.79100000,1213.58000000,0.841
1749263160,0.79000000,82659.87000000,0.841
1749263160,0.78900000,952.00000000,0.841
1749263160,0.78800000,8370.60000000,0.841
1749263160,0.78700000,4272.39000000,0.841
1749263160,0.78600000,3172.95000000,0.841
1749263160,0.78500000,1658.39000000,0.841
1749263160,0.78400000,187.90000000,0.841
1749263160,0.78300000,1926.25000000,0.841
1749263160,0.78200000,2751.87000000,0.841
1749263160,0.78100000,1023.75000000,0.841
1749263160,0.78000000,49326.59000000,0.841
1749263160,0.77900000,6500.17000000,0.841
1749263160,0.77800000,529.00000000,0.841
1749263160,0.77700000,4651.81000000,0.841
1749263160,0.77600000,4093.20000000,0.841
1749263160,0.77500000,4388.20000000,0.841
1749263160,0.77400000,514.46000000,0.841
1749263160,0.77300000,123.39000000,0.841
1749263160,0.77200000,133.44000000,0.841
1749263160,0.77100000,618.72000000,0.841
1749263160,0.77000000,16133.81000000,0.841
1749263160,0.76900000,1996.88000000,0.841
1749263160,0.76800000,847.04000000,0.841
1749263160,0.76700000,1596.98000000,0.841
1749263160,0.76600000,746.73000000,0.841
1749263160,0.76500000,12335.16000000,0.841
1749263160,0.76400000,76.89000000,0.841
1749263160,0.76300000,5032.32000000,0.841
1749263160,0.76200000,19734.10000000,0.841
1749263160,0.76100000,12593.26000000,0.841
1749263160,0.76000000,13714.92000000,0.841
1749263160,0.75900000,1584.18000000,0.841
1749263160,0.75800000,797.04000000,0.841
1749263160,0.75700000,93.80000000,0.841
1749263160,0.75600000,284.42000000,0.841
1749263160,0.75500000,34639.44000000,0.841
1749263160,0.75400000,707.51000000,0.841
1749263160,0.75300000,17493.80000000,0.841
1749263160,0.75200000,1383.11000000,0.841
1749263160,0.75100000,1111.51000000,0.841
1749263160,0.75000000,289200.03000000,0.841
1749263160,0.74900000,865.35000000,0.841
1749263160,0.74800000,256.68000000,0.841
1749263160,0.74700000,866.72000000,0.841
1749263160,0.74600000,45.43000000,0.841
1749263160,0.74500000,654.73000000,0.841
1749263160,0.74400000,795.48000000,0.841
1749263160,0.74300000,202.27000000,0.841
1749263160,0.74200000,582.67000000,0.841
1749263160,0.74100000,110.59000000,0.841
1749263462,0.83800000,59821.59000000,0.839
1749263462,0.83700000,353749.01000000,0.839
1749263462,0.83600000,285101.55000000,0.839
1749263462,0.83500000,233771.26000000,0.839
1749263462,0.83400000,46158.28000000,0.839
1749263462,0.83300000,35477.16000000,0.839
1749263462,0.83200000,20915.42000000,0.839
1749263462,0.83100000,121007.10000000,0.839
1749263462,0.83000000,20759.04000000,0.839
1749263462,0.82900000,90459.42000000,0.839
1749263462,0.82800000,19330.06000000,0.839
1749263462,0.82700000,63083.53000000,0.839
1749263462,0.82600000,92680.26000000,0.839
1749263462,0.82500000,8086.69000000,0.839
1749263462,0.82400000,39890.79000000,0.839
1749263462,0.82300000,11200.88000000,0.839
1749263462,0.82200000,17000.86000000,0.839
1749263462,0.82100000,22187.04000000,0.839
1749263462,0.82000000,57245.77000000,0.839
1749263462,0.81900000,7796.13000000,0.839
1749263462,0.81800000,9631.55000000,0.839
1749263462,0.81700000,27431.96000000,0.839
1749263462,0.81600000,8900.57000000,0.839
1749263462,0.81500000,45933.70000000,0.839
1749263462,0.81400000,8992.94000000,0.839
1749263462,0.81300000,54884.78000000,0.839
1749263462,0.81200000,8460.37000000,0.839
1749263462,0.81100000,18500.71000000,0.839
1749263462,0.81000000,57404.63000000,0.839
1749263462,0.80900000,8688.68000000,0.839
1749263462,0.80800000,9727.31000000,0.839
1749263462,0.80700000,8306.26000000,0.839
1749263462,0.80600000,9228.92000000,0.839
1749263462,0.80500000,11300.16000000,0.839
1749263462,0.80400000,6821.27000000,0.839
1749263462,0.80300000,7084.96000000,0.839
1749263462,0.80200000,13604.61000000,0.839
1749263462,0.80100000,4665.28000000,0.839
1749263462,0.80000000,105043.47000000,0.839
1749263462,0.79900000,7571.68000000,0.839
1749263462,0.79800000,6309.76000000,0.839
1749263462,0.79700000,348.21000000,0.839
1749263462,0.79600000,1378.41000000,0.839
1749263462,0.79500000,589.62000000,0.839
1749263462,0.79400000,1156.80000000,0.839
1749263462,0.79300000,161.44000000,0.839
1749263462,0.79200000,867.44000000,0.839
1749263462,0.79100000,1213.58000000,0.839
1749263462,0.79000000,82208.51000000,0.839
1749263462,0.78900000,952.00000000,0.839
1749263462,0.78800000,8370.60000000,0.839
1749263462,0.78700000,4272.39000000,0.839
1749263462,0.78600000,3172.95000000,0.839
1749263462,0.78500000,1658.39000000,0.839
1749263462,0.78400000,187.90000000,0.839
1749263462,0.78300000,1926.25000000,0.839
1749263462,0.78200000,2751.87000000,0.839
1749263462,0.78100000,1023.75000000,0.839
1749263462,0.78000000,49326.59000000,0.839
1749263462,0.77900000,6500.17000000,0.839
1749263462,0.77800000,529.00000000,0.839
1749263462,0.77700000,4651.81000000,0.839
1749263462,0.77600000,4093.20000000,0.839
1749263462,0.77500000,4388.20000000,0.839
1749263462,0.77400000,514.46000000,0.839
1749263462,0.77300000,123.39000000,0.839
1749263462,0.77200000,133.44000000,0.839
1749263462,0.77100000,618.72000000,0.839
1749263462,0.77000000,16133.81000000,0.839
1749263462,0.76900000,1996.88000000,0.839
1749263462,0.76800000,847.04000000,0.839
1749263462,0.76700000,1596.98000000,0.839
1749263462,0.76600000,746.73000000,0.839
1749263462,0.76500000,12335.16000000,0.839
1749263462,0.76400000,88.78000000,0.839
1749263462,0.76300000,5044.22000000,0.839
1749263462,0.76200000,19734.10000000,0.839
1749263462,0.76100000,12593.26000000,0.839
1749263462,0.76000000,13709.16000000,0.839
1749263462,0.75900000,1578.42000000,0.839
1749263462,0.75800000,802.80000000,0.839
1749263462,0.75700000,85.10000000,0.839
1749263462,0.75600000,287.32000000,0.839
1749263462,0.75500000,34651.04000000,0.839
1749263462,0.75400000,707.51000000,0.839
1749263462,0.75300000,17493.80000000,0.839
1749263462,0.75200000,1383.11000000,0.839
1749263462,0.75100000,1111.51000000,0.839
1749263462,0.75000000,289200.03000000,0.839
1749263462,0.74900000,865.35000000,0.839
1749263462,0.74800000,256.68000000,0.839
1749263462,0.74700000,866.72000000,0.839
1749263462,0.74600000,45.43000000,0.839
1749263462,0.74500000,654.73000000,0.839
1749263462,0.74400000,795.48000000,0.839
1749263462,0.74300000,202.27000000,0.839
1749263462,0.74200000,582.67000000,0.839
1749263462,0.74100000,110.59000000,0.839
1749263462,0.74000000,4529.13000000,0.839
1749263462,0.73900000,27.07000000,0.839
1749263763,0.84000000,16095.60000000,0.84
1749263763,0.83900000,216881.24000000,0.84
1749263763,0.83800000,225583.87000000,0.84
1749263763,0.83700000,199596.78000000,0.84
1749263763,0.83600000,148756.35000000,0.84
1749263763,0.83500000,173431.46000000,0.84
1749263763,0.83400000,33724.58000000,0.84
1749263763,0.83300000,38689.38000000,0.84
1749263763,0.83200000,25066.30000000,0.84
1749263763,0.83100000,119455.89000000,0.84
1749263763,0.83000000,21149.80000000,0.84
1749263763,0.82900000,66473.07000000,0.84
1749263763,0.82800000,15299.21000000,0.84
1749263763,0.82700000,55372.80000000,0.84
1749263763,0.82600000,116425.52000000,0.84
1749263763,0.82500000,10246.67000000,0.84
1749263763,0.82400000,30292.64000000,0.84
1749263763,0.82300000,10836.99000000,0.84
1749263763,0.82200000,14188.81000000,0.84
1749263763,0.82100000,21867.53000000,0.84
1749263763,0.82000000,66359.72000000,0.84
1749263763,0.81900000,7673.00000000,0.84
1749263763,0.81800000,8532.02000000,0.84
1749263763,0.81700000,27430.71000000,0.84
1749263763,0.81600000,8654.66000000,0.84
1749263763,0.81500000,45809.97000000,0.84
1749263763,0.81400000,7888.01000000,0.84
1749263763,0.81300000,50117.84000000,0.84
1749263763,0.81200000,13226.21000000,0.84
1749263763,0.81100000,18499.45000000,0.84
1749263763,0.81000000,57409.01000000,0.84
1749263763,0.80900000,8687.44000000,0.84
1749263763,0.80800000,9726.07000000,0.84
1749263763,0.80700000,8305.02000000,0.84
1749263763,0.80600000,9227.67000000,0.84
1749263763,0.80500000,11298.91000000,0.84
1749263763,0.80400000,6944.39000000,0.84
1749263763,0.80300000,7083.71000000,0.84
1749263763,0.80200000,13603.36000000,0.84
1749263763,0.80100000,4664.03000000,0.84
1749263763,0.80000000,105547.19000000,0.84
1749263763,0.79900000,3285.71000000,0.84
1749263763,0.79800000,2049.92000000,0.84
1749263763,0.79700000,334.40000000,0.84
1749263763,0.79600000,1377.15000000,0.84
1749263763,0.79500000,588.36000000,0.84
1749263763,0.79400000,1155.54000000,0.84
1749263763,0.79300000,161.44000000,0.84
1749263763,0.79200000,867.44000000,0.84
1749263763,0.79100000,1213.58000000,0.84
1749263763,0.79000000,82208.51000000,0.84
1749263763,0.78900000,952.00000000,0.84
1749263763,0.78800000,8370.60000000,0.84
1749263763,0.78700000,4272.39000000,0.84
1749263763,0.78600000,3160.19000000,0.84
1749263763,0.78500000,4716.95000000,0.84
1749263763,0.78400000,187.90000000,0.84
1749263763,0.78300000,1926.25000000,0.84
1749263763,0.78200000,2751.87000000,0.84
1749263763,0.78100000,1023.75000000,0.84
1749263763,0.78000000,49326.59000000,0.84
1749263763,0.77900000,6500.17000000,0.84
1749263763,0.77800000,529.00000000,0.84
1749263763,0.77700000,4651.81000000,0.84
1749263763,0.77600000,4093.20000000,0.84
1749263763,0.77500000,4388.20000000,0.84
1749263763,0.77400000,514.46000000,0.84
1749263763,0.77300000,123.39000000,0.84
1749263763,0.77200000,133.44000000,0.84
1749263763,0.77100000,618.72000000,0.84
1749263763,0.77000000,16133.81000000,0.84
1749263763,0.76900000,1996.88000000,0.84
1749263763,0.76800000,847.04000000,0.84
1749263763,0.76700000,1596.98000000,0.84
1749263763,0.76600000,746.73000000,0.84
1749263763,0.76500000,12335.16000000,0.84
1749263763,0.76400000,76.89000000,0.84
1749263763,0.76300000,5032.32000000,0.84
1749263763,0.76200000,19734.10000000,0.84
1749263763,0.76100000,12593.26000000,0.84
1749263763,0.76000000,13709.16000000,0.84
1749263763,0.75900000,1578.42000000,0.84
1749263763,0.75800000,802.80000000,0.84
1749263763,0.75700000,85.10000000,0.84
1749263763,0.75600000,293.12000000,0.84
1749263763,0.75500000,34671.34000000,0.84
1749263763,0.75400000,675.61000000,0.84
1749263763,0.75300000,17493.80000000,0.84
1749263763,0.75200000,1383.11000000,0.84
1749263763,0.75100000,1111.51000000,0.84
1749263763,0.75000000,289066.72000000,0.84
1749263763,0.74900000,865.35000000,0.84
1749263763,0.74800000,256.68000000,0.84
1749263763,0.74700000,866.72000000,0.84
1749263763,0.74600000,45.43000000,0.84
1749263763,0.74500000,654.73000000,0.84
1749263763,0.74400000,795.48000000,0.84
1749263763,0.74300000,202.27000000,0.84
1749263763,0.74200000,582.67000000,0.84
1749263763,0.74100000,110.59000000,0.84
1749264065,0.84200000,20130.54000000,0.842
1749264065,0.84100000,214271.15000000,0.842
1749264065,0.84000000,271090.16000000,0.842
1749264065,0.83900000,173963.38000000,0.842
1749264065,0.83800000,131957.06000000,0.842
1749264065,0.83700000,156550.75000000,0.842
1749264065,0.83600000,52600.45000000,0.842
1749264065,0.83500000,30715.76000000,0.842
1749264065,0.83400000,32311.51000000,0.842
1749264065,0.83300000,149824.82000000,0.842
1749264065,0.83200000,14751.64000000,0.842
1749264065,0.83100000,43852.63000000,0.842
1749264065,0.83000000,64206.20000000,0.842
1749264065,0.82900000,65954.13000000,0.842
1749264065,0.82800000,12050.49000000,0.842
1749264065,0.82700000,27235.04000000,0.842
1749264065,0.82600000,12439.55000000,0.842
1749264065,0.82500000,32100.04000000,0.842
1749264065,0.82400000,39620.66000000,0.842
1749264065,0.82300000,10554.30000000,0.842
1749264065,0.82200000,8976.08000000,0.842
1749264065,0.82100000,22025.59000000,0.842
1749264065,0.82000000,57122.79000000,0.842
1749264065,0.81900000,8410.41000000,0.842
1749264065,0.81800000,8532.02000000,0.842
1749264065,0.81700000,27516.23000000,0.842
1749264065,0.81600000,12658.87000000,0.842
1749264065,0.81500000,45809.97000000,0.842
1749264065,0.81400000,7888.01000000,0.842
1749264065,0.81300000,50668.24000000,0.842
1749264065,0.81200000,8704.98000000,0.842
1749264065,0.81100000,18499.45000000,0.842
1749264065,0.81000000,56364.57000000,0.842
1749264065,0.80900000,9051.60000000,0.842
1749264065,0.80800000,9478.98000000,0.842
1749264065,0.80700000,8305.02000000,0.842
1749264065,0.80600000,9227.67000000,0.842
1749264065,0.80500000,8913.91000000,0.842
1749264065,0.80400000,4559.39000000,0.842
1749264065,0.80300000,4698.71000000,0.842
1749264065,0.80200000,13295.28000000,0.842
1749264065,0.80100000,381.61000000,0.842
1749264065,0.80000000,102802.60000000,0.842
1749264065,0.79900000,3273.20000000,0.842
1749264065,0.79800000,2037.39000000,0.842
1749264065,0.79700000,321.85000000,0.842
1749264065,0.79600000,1377.15000000,0.842
1749264065,0.79500000,588.36000000,0.842
1749264065,0.79400000,1155.54000000,0.842
1749264065,0.79300000,161.44000000,0.842
1749264065,0.79200000,867.44000000,0.842
1749264065,0.79100000,1213.58000000,0.842
1749264065,0.79000000,82208.51000000,0.842
1749264065,0.78900000,952.00000000,0.842
1749264065,0.78800000,8370.60000000,0.842
1749264065,0.78700000,4272.39000000,0.842
1749264065,0.78600000,3160.19000000,0.842
1749264065,0.78500000,4716.95000000,0.842
1749264065,0.78400000,187.90000000,0.842
1749264065,0.78300000,1926.25000000,0.842
1749264065,0.78200000,2751.87000000,0.842
1749264065,0.78100000,1023.75000000,0.842
1749264065,0.78000000,49326.59000000,0.842
1749264065,0.77900000,6500.17000000,0.842
1749264065,0.77800000,1042.24000000,0.842
1749264065,0.77700000,4651.81000000,0.842
1749264065,0.77600000,4093.20000000,0.842
1749264065,0.77500000,3872.97000000,0.842
1749264065,0.77400000,514.46000000,0.842
1749264065,0.77300000,123.39000000,0.842
1749264065,0.77200000,133.44000000,0.842
1749264065,0.77100000,618.72000000,0.842
1749264065,0.77000000,16133.81000000,0.842
1749264065,0.76900000,1996.88000000,0.842
1749264065,0.76800000,847.04000000,0.842
1749264065,0.76700000,1596.98000000,0.842
1749264065,0.76600000,734.87000000,0.842
1749264065,0.76500000,12323.29000000,0.842
1749264065,0.76400000,76.89000000,0.842
1749264065,0.76300000,5032.32000000,0.842
1749264065,0.76200000,19734.10000000,0.842
1749264065,0.76100000,12593.26000000,0.842
1749264065,0.76000000,13709.16000000,0.842
1749264065,0.75900000,1607.22000000,0.842
1749264065,0.75800000,825.84000000,0.842
1749264065,0.75700000,44.50000000,0.842
1749264065,0.75600000,298.92000000,0.842
1749264065,0.75500000,34659.74000000,0.842
1749264065,0.75400000,675.61000000,0.842
1749264065,0.75300000,17493.80000000,0.842
1749264065,0.75200000,1383.11000000,0.842
1749264065,0.75100000,1111.51000000,0.842
1749264065,0.75000000,290694.72000000,0.842
1749264065,0.74900000,865.35000000,0.842
1749264065,0.74800000,256.68000000,0.842
1749264065,0.74700000,866.72000000,0.842
1749264065,0.74600000,45.43000000,0.842
1749264065,0.74500000,654.73000000,0.842
1749264065,0.74400000,795.48000000,0.842
1749264065,0.74300000,202.27000000,0.842
1749264371,0.84200000,26044.73000000,0.842
1749264371,0.84100000,289765.65000000,0.842
1749264371,0.84000000,244130.29000000,0.842
1749264371,0.83900000,137231.62000000,0.842
1749264371,0.83800000,171224.04000000,0.842
1749264371,0.83700000,156579.52000000,0.842
1749264371,0.83600000,33602.56000000,0.842
1749264371,0.83500000,130996.17000000,0.842
1749264371,0.83400000,27544.61000000,0.842
1749264371,0.83300000,66361.94000000,0.842
1749264371,0.83200000,18429.30000000,0.842
1749264371,0.83100000,40197.75000000,0.842
1749264371,0.83000000,65481.20000000,0.842
1749264371,0.82900000,72572.57000000,0.842
1749264371,0.82800000,12859.51000000,0.842
1749264371,0.82700000,31065.74000000,0.842
1749264371,0.82600000,15805.93000000,0.842
1749264371,0.82500000,55871.41000000,0.842
1749264371,0.82400000,39946.53000000,0.842
1749264371,0.82300000,10053.92000000,0.842
1749264371,0.82200000,8976.08000000,0.842
1749264371,0.82100000,21867.53000000,0.842
1749264371,0.82000000,57152.04000000,0.842
1749264371,0.81900000,7709.57000000,0.842
1749264371,0.81800000,9270.33000000,0.842
1749264371,0.81700000,27394.05000000,0.842
1749264371,0.81600000,7914.54000000,0.842
1749264371,0.81500000,50560.56000000,0.842
1749264371,0.81400000,7888.01000000,0.842
1749264371,0.81300000,50673.84000000,0.842
1749264371,0.81200000,8459.11000000,0.842
1749264371,0.81100000,18499.45000000,0.842
1749264371,0.81000000,54031.69000000,0.842
1749264371,0.80900000,9051.60000000,0.842
1749264371,0.80800000,9478.98000000,0.842
1749264371,0.80700000,8305.02000000,0.842
1749264371,0.80600000,9227.67000000,0.842
1749264371,0.80500000,11298.91000000,0.842
1749264371,0.80400000,4559.39000000,0.842
1749264371,0.80300000,4698.71000000,0.842
1749264371,0.80200000,13269.28000000,0.842
1749264371,0.80100000,381.61000000,0.842
1749264371,0.80000000,101276.70000000,0.842
1749264371,0.79900000,3273.20000000,0.842
1749264371,0.79800000,2737.39000000,0.842
1749264371,0.79700000,321.85000000,0.842
1749264371,0.79600000,1377.15000000,0.842
1749264371,0.79500000,588.36000000,0.842
1749264371,0.79400000,1155.54000000,0.842
1749264371,0.79300000,161.44000000,0.842
1749264371,0.79200000,867.44000000,0.842
1749264371,0.79100000,1213.58000000,0.842
1749264371,0.79000000,82208.51000000,0.842
1749264371,0.78900000,952.00000000,0.842
1749264371,0.78800000,8370.60000000,0.842
1749264371,0.78700000,4272.39000000,0.842
1749264371,0.78600000,3160.19000000,0.842
1749264371,0.78500000,4716.95000000,0.842
1749264371,0.78400000,187.90000000,0.842
1749264371,0.78300000,1926.25000000,0.842
1749264371,0.78200000,2751.87000000,0.842
1749264371,0.78100000,1023.75000000,0.842
1749264371,0.78000000,49326.59000000,0.842
1749264371,0.77900000,6500.17000000,0.842
1749264371,0.77800000,1042.24000000,0.842
1749264371,0.77700000,4651.81000000,0.842
1749264371,0.77600000,4093.20000000,0.842
1749264371,0.77500000,3872.97000000,0.842
1749264371,0.77400000,514.46000000,0.842
1749264371,0.77300000,123.39000000,0.842
1749264371,0.77200000,133.44000000,0.842
1749264371,0.77100000,618.72000000,0.842
1749264371,0.77000000,16133.81000000,0.842
1749264371,0.76900000,1996.88000000,0.842
1749264371,0.76800000,847.04000000,0.842
1749264371,0.76700000,1596.98000000,0.842
1749264371,0.76600000,734.87000000,0.842
1749264371,0.76500000,12323.29000000,0.842
1749264371,0.76400000,76.89000000,0.842
1749264371,0.76300000,5032.32000000,0.842
1749264371,0.76200000,19734.10000000,0.842
1749264371,0.76100000,12593.26000000,0.842
1749264371,0.76000000,13709.16000000,0.842
1749264371,0.75900000,1630.26000000,0.842
1749264371,0.75800000,854.64000000,0.842
1749264371,0.75700000,67.70000000,0.842
1749264371,0.75600000,275.72000000,0.842
1749264371,0.75500000,34607.54000000,0.842
1749264371,0.75400000,675.61000000,0.842
1749264371,0.75300000,17493.80000000,0.842
1749264371,0.75200000,1383.11000000,0.842
1749264371,0.75100000,1111.51000000,0.842
1749264371,0.75000000,290694.72000000,0.842
1749264371,0.74900000,865.35000000,0.842
1749264371,0.74800000,256.68000000,0.842
1749264371,0.74700000,866.72000000,0.842
1749264371,0.74600000,45.43000000,0.842
1749264371,0.74500000,654.73000000,0.842
1749264371,0.74400000,795.48000000,0.842
1749264371,0.74300000,202.27000000,0.842
1749264673,0.84200000,29835.42000000,0.842
1749264673,0.84100000,291192.75000000,0.842
1749264673,0.84000000,276158.43000000,0.842
1749264673,0.83900000,224514.43000000,0.842
1749264673,0.83800000,63750.78000000,0.842
1749264673,0.83700000,147784.78000000,0.842
1749264673,0.83600000,36496.49000000,0.842
1749264673,0.83500000,108766.13000000,0.842
1749264673,0.83400000,47598.85000000,0.842
1749264673,0.83300000,42730.83000000,0.842
1749264673,0.83200000,11837.03000000,0.842
1749264673,0.83100000,37968.70000000,0.842
1749264673,0.83000000,88766.92000000,0.842
1749264673,0.82900000,47899.98000000,0.842
1749264673,0.82800000,39603.70000000,0.842
1749264673,0.82700000,27210.37000000,0.842
1749264673,0.82600000,10021.40000000,0.842
1749264673,0.82500000,32413.10000000,0.842
1749264673,0.82400000,39620.66000000,0.842
1749264673,0.82300000,7768.39000000,0.842
1749264673,0.82200000,8976.08000000,0.842
1749264673,0.82100000,21867.53000000,0.842
1749264673,0.82000000,58004.82000000,0.842
1749264673,0.81900000,7709.57000000,0.842
1749264673,0.81800000,9270.33000000,0.842
1749264673,0.81700000,27394.05000000,0.842
1749264673,0.81600000,7914.54000000,0.842
1749264673,0.81500000,50560.78000000,0.842
1749264673,0.81400000,7888.01000000,0.842
1749264673,0.81300000,52811.48000000,0.842
1749264673,0.81200000,9137.72000000,0.842
1749264673,0.81100000,18499.45000000,0.842
1749264673,0.81000000,53785.21000000,0.842
1749264673,0.80900000,9044.18000000,0.842
1749264673,0.80800000,9478.98000000,0.842
1749264673,0.80700000,8305.02000000,0.842
1749264673,0.80600000,9227.67000000,0.842
1749264673,0.80500000,8626.18000000,0.842
1749264673,0.80400000,4559.39000000,0.842
1749264673,0.80300000,4249.29000000,0.842
1749264673,0.80200000,13160.11000000,0.842
1749264673,0.80100000,381.61000000,0.842
1749264673,0.80000000,101096.70000000,0.842
1749264673,0.79900000,3273.20000000,0.842
1749264673,0.79800000,2737.39000000,0.842
1749264673,0.79700000,321.85000000,0.842
1749264673,0.79600000,1377.15000000,0.842
1749264673,0.79500000,588.36000000,0.842
1749264673,0.79400000,1155.54000000,0.842
1749264673,0.79300000,161.44000000,0.842
1749264673,0.79200000,867.44000000,0.842
1749264673,0.79100000,1213.58000000,0.842
1749264673,0.79000000,82208.51000000,0.842
1749264673,0.78900000,952.00000000,0.842
1749264673,0.78800000,8370.60000000,0.842
1749264673,0.78700000,4272.39000000,0.842
1749264673,0.78600000,3160.19000000,0.842
1749264673,0.78500000,4716.95000000,0.842
1749264673,0.78400000,176.42000000,0.842
1749264673,0.78300000,1926.25000000,0.842
1749264673,0.78200000,2751.87000000,0.842
1749264673,0.78100000,1023.75000000,0.842
1749264673,0.78000000,49326.59000000,0.842
1749264673,0.77900000,7012.76000000,0.842
1749264673,0.77800000,529.00000000,0.842
1749264673,0.77700000,4651.81000000,0.842
1749264673,0.77600000,4093.20000000,0.842
1749264673,0.77500000,3872.97000000,0.842
1749264673,0.77400000,514.46000000,0.842
1749264673,0.77300000,123.39000000,0.842
1749264673,0.77200000,133.44000000,0.842
1749264673,0.77100000,618.72000000,0.842
1749264673,0.77000000,16133.81000000,0.842
1749264673,0.76900000,1996.88000000,0.842
1749264673,0.76800000,847.04000000,0.842
1749264673,0.76700000,1596.98000000,0.842
1749264673,0.76600000,734.87000000,0.842
1749264673,0.76500000,12323.29000000,0.842
1749264673,0.76400000,76.89000000,0.842
1749264673,0.76300000,5032.32000000,0.842
1749264673,0.76200000,19734.10000000,0.842
1749264673,0.76100000,12593.26000000,0.842
1749264673,0.76000000,13709.16000000,0.842
1749264673,0.75900000,1631.73000000,0.842
1749264673,0.75800000,831.60000000,0.842
1749264673,0.75700000,73.50000000,0.842
1749264673,0.75600000,275.72000000,0.842
1749264673,0.75500000,34607.54000000,0.842
1749264673,0.75400000,675.61000000,0.842
1749264673,0.75300000,17493.80000000,0.842
1749264673,0.75200000,1383.11000000,0.842
1749264673,0.75100000,1111.51000000,0.842
1749264673,0.75000000,290694.72000000,0.842
1749264673,0.74900000,865.35000000,0.842
1749264673,0.74800000,256.68000000,0.842
1749264673,0.74700000,1154.45000000,0.842
1749264673,0.74600000,45.43000000,0.842
1749264673,0.74500000,654.73000000,0.842
1749264673,0.74400000,795.48000000,0.842
1749264673,0.74300000,202.27000000,0.842
1749264974,0.84500000,15986.15000000,0.845
1749264974,0.84400000,241353.02000000,0.845
1749264974,0.84300000,215376.92000000,0.845
1749264974,0.84200000,236141.23000000,0.845
1749264974,0.84100000,156858.48000000,0.845
1749264974,0.84000000,52638.44000000,0.845
1749264974,0.83900000,125489.32000000,0.845
1749264974,0.83800000,62477.67000000,0.845
1749264974,0.83700000,110705.70000000,0.845
1749264974,0.83600000,38373.90000000,0.845
1749264974,0.83500000,19276.09000000,0.845
1749264974,0.83400000,40333.86000000,0.845
1749264974,0.83300000,63234.31000000,0.845
1749264974,0.83200000,11953.11000000,0.845
1749264974,0.83100000,37021.06000000,0.845
1749264974,0.83000000,62324.85000000,0.845
1749264974,0.82900000,11631.89000000,0.845
1749264974,0.82800000,22162.92000000,0.845
1749264974,0.82700000,51527.76000000,0.845
1749264974,0.82600000,10336.08000000,0.845
1749264974,0.82500000,8083.65000000,0.845
1749264974,0.82400000,27868.47000000,0.845
1749264974,0.82300000,8132.26000000,0.845
1749264974,0.82200000,9590.37000000,0.845
1749264974,0.82100000,21867.53000000,0.845
1749264974,0.82000000,58284.81000000,0.845
1749264974,0.81900000,8051.31000000,0.845
1749264974,0.81800000,13265.74000000,0.845
1749264974,0.81700000,27394.05000000,0.845
1749264974,0.81600000,7532.15000000,0.845
1749264974,0.81500000,45840.64000000,0.845
1749264974,0.81400000,8810.22000000,0.845
1749264974,0.81300000,52565.91000000,0.845
1749264974,0.81200000,8459.11000000,0.845
1749264974,0.81100000,18863.61000000,0.845
1749264974,0.81000000,53785.21000000,0.845
1749264974,0.80900000,8680.02000000,0.845
1749264974,0.80800000,7093.98000000,0.845
1749264974,0.80700000,5920.02000000,0.845
1749264974,0.80600000,4825.19000000,0.845
1749264974,0.80500000,7608.67000000,0.845
1749264974,0.80400000,358.21000000,0.845
1749264974,0.80300000,433.54000000,0.845
1749264974,0.80200000,9347.78000000,0.845
1749264974,0.80100000,356.65000000,0.845
1749264974,0.80000000,100800.01000000,0.845
1749264974,0.79900000,3273.20000000,0.845
1749264974,0.79800000,2699.80000000,0.845
1749264974,0.79700000,321.85000000,0.845
1749264974,0.79600000,1377.15000000,0.845
1749264974,0.79500000,588.36000000,0.845
1749264974,0.79400000,1155.54000000,0.845
1749264974,0.79300000,161.44000000,0.845
1749264974,0.79200000,867.44000000,0.845
1749264974,0.79100000,1213.58000000,0.845
1749264974,0.79000000,82078.72000000,0.845
1749264974,0.78900000,952.00000000,0.845
1749264974,0.78800000,8370.60000000,0.845
1749264974,0.78700000,4272.39000000,0.845
1749264974,0.78600000,3160.19000000,0.845
1749264974,0.78500000,4716.95000000,0.845
1749264974,0.78400000,176.42000000,0.845
1749264974,0.78300000,1926.25000000,0.845
1749264974,0.78200000,2751.87000000,0.845
1749264974,0.78100000,1023.75000000,0.845
1749264974,0.78000000,49326.59000000,0.845
1749264974,0.77900000,7012.76000000,0.845
1749264974,0.77800000,529.00000000,0.845
1749264974,0.77700000,4651.81000000,0.845
1749264974,0.77600000,4093.20000000,0.845
1749264974,0.77500000,3872.97000000,0.845
1749264974,0.77400000,514.46000000,0.845
1749264974,0.77300000,123.39000000,0.845
1749264974,0.77200000,133.44000000,0.845
1749264974,0.77100000,618.44000000,0.845
1749264974,0.77000000,16133.81000000,0.845
1749264974,0.76900000,1985.06000000,0.845
1749264974,0.76800000,835.21000000,0.845
1749264974,0.76700000,1585.14000000,0.845
1749264974,0.76600000,734.87000000,0.845
1749264974,0.76500000,12323.29000000,0.845
1749264974,0.76400000,76.89000000,0.845
1749264974,0.76300000,5032.32000000,0.845
1749264974,0.76200000,19734.10000000,0.845
1749264974,0.76100000,12593.26000000,0.845
1749264974,0.76000000,13778.28000000,0.845
1749264974,0.75900000,1608.69000000,0.845
1749264974,0.75800000,808.56000000,0.845
1749264974,0.75700000,50.30000000,0.845
1749264974,0.75600000,275.72000000,0.845
1749264974,0.75500000,34607.54000000,0.845
1749264974,0.75400000,675.61000000,0.845
1749264974,0.75300000,17493.80000000,0.845
1749264974,0.75200000,1383.11000000,0.845
1749264974,0.75100000,1313.95000000,0.845
1749264974,0.75000000,290694.72000000,0.845
1749264974,0.74900000,865.35000000,0.845
1749264974,0.74800000,256.68000000,0.845
1749264974,0.74700000,866.72000000,0.845
1749264974,0.74600000,45.43000000,0.845
1749265276,0.84000000,107981.38000000,0.84
1749265276,0.83900000,331780.94000000,0.84
1749265276,0.83800000,336273.20000000,0.84
1749265276,0.83700000,66540.40000000,0.84
1749265276,0.83600000,134602.45000000,0.84
1749265276,0.83500000,42753.00000000,0.84
1749265276,0.83400000,101191.18000000,0.84
1749265276,0.83300000,60576.57000000,0.84
1749265276,0.83200000,14808.40000000,0.84
1749265276,0.83100000,63454.79000000,0.84
1749265276,0.83000000,62397.61000000,0.84
1749265276,0.82900000,68615.66000000,0.84
1749265276,0.82800000,18747.69000000,0.84
1749265276,0.82700000,28414.46000000,0.84
1749265276,0.82600000,11499.29000000,0.84
1749265276,0.82500000,32294.46000000,0.84
1749265276,0.82400000,42884.05000000,0.84
1749265276,0.82300000,15257.75000000,0.84
1749265276,0.82200000,8977.30000000,0.84
1749265276,0.82100000,21867.53000000,0.84
1749265276,0.82000000,58126.55000000,0.84
1749265276,0.81900000,8087.89000000,0.84
1749265276,0.81800000,9270.33000000,0.84
1749265276,0.81700000,27632.87000000,0.84
1749265276,0.81600000,7654.48000000,0.84
1749265276,0.81500000,45963.12000000,0.84
1749265276,0.81400000,12644.35000000,0.84
1749265276,0.81300000,52565.91000000,0.84
1749265276,0.81200000,9137.72000000,0.84
1749265276,0.81100000,18499.45000000,0.84
1749265276,0.81000000,54038.00000000,0.84
1749265276,0.80900000,9044.18000000,0.84
1749265276,0.80800000,9478.98000000,0.84
1749265276,0.80700000,8305.02000000,0.84
1749265276,0.80600000,7210.19000000,0.84
1749265276,0.80500000,9867.57000000,0.84
1749265276,0.80400000,4205.61000000,0.84
1749265276,0.80300000,4344.87000000,0.84
1749265276,0.80200000,13377.16000000,0.84
1749265276,0.80100000,4598.26000000,0.84
1749265276,0.80000000,104776.33000000,0.84
1749265276,0.79900000,3273.20000000,0.84
1749265276,0.79800000,2699.80000000,0.84
1749265276,0.79700000,321.85000000,0.84
1749265276,0.79600000,1377.15000000,0.84
1749265276,0.79500000,488.36000000,0.84
1749265276,0.79400000,1155.54000000,0.84
1749265276,0.79300000,161.44000000,0.84
1749265276,0.79200000,867.44000000,0.84
1749265276,0.79100000,1213.58000000,0.84
1749265276,0.79000000,81675.12000000,0.84
1749265276,0.78900000,952.00000000,0.84
1749265276,0.78800000,8370.60000000,0.84
1749265276,0.78700000,4272.39000000,0.84
1749265276,0.78600000,3160.19000000,0.84
1749265276,0.78500000,4616.95000000,0.84
1749265276,0.78400000,176.42000000,0.84
1749265276,0.78300000,1926.25000000,0.84
1749265276,0.78200000,2751.87000000,0.84
1749265276,0.78100000,1023.75000000,0.84
1749265276,0.78000000,49226.59000000,0.84
1749265276,0.77900000,7012.76000000,0.84
1749265276,0.77800000,529.00000000,0.84
1749265276,0.77700000,4651.81000000,0.84
1749265276,0.77600000,4093.20000000,0.84
1749265276,0.77500000,3772.97000000,0.84
1749265276,0.77400000,514.46000000,0.84
1749265276,0.77300000,123.39000000,0.84
1749265276,0.77200000,133.44000000,0.84
1749265276,0.77100000,618.44000000,0.84
1749265276,0.77000000,16033.83000000,0.84
1749265276,0.76900000,1996.88000000,0.84
1749265276,0.76800000,847.04000000,0.84
1749265276,0.76700000,1596.98000000,0.84
1749265276,0.76600000,746.73000000,0.84
1749265276,0.76500000,12235.16000000,0.84
1749265276,0.76400000,76.89000000,0.84
1749265276,0.76300000,5032.32000000,0.84
1749265276,0.76200000,19734.10000000,0.84
1749265276,0.76100000,12593.26000000,0.84
1749265276,0.76000000,13695.56000000,0.84
1749265276,0.75900000,1568.37000000,0.84
1749265276,0.75800000,802.80000000,0.84
1749265276,0.75700000,50.30000000,0.84
1749265276,0.75600000,275.72000000,0.84
1749265276,0.75500000,34507.54000000,0.84
1749265276,0.75400000,675.61000000,0.84
1749265276,0.75300000,17493.80000000,0.84
1749265276,0.75200000,1383.11000000,0.84
1749265276,0.75100000,1333.71000000,0.84
1749265276,0.75000000,290594.72000000,0.84
1749265276,0.74900000,865.35000000,0.84
1749265276,0.74800000,256.68000000,0.84
1749265276,0.74700000,866.72000000,0.84
1749265276,0.74600000,45.43000000,0.84
1749265276,0.74500000,554.73000000,0.84
1749265276,0.74400000,795.48000000,0.84
1749265276,0.74300000,202.27000000,0.84
1749265276,0.74200000,582.67000000,0.84
1749265276,0.74100000,110.59000000,0.84
1749265582,0.84800000,21376.42000000,0.848
1749265582,0.84700000,198380.84000000,0.848
1749265582,0.84600000,199861.40000000,0.848
1749265582,0.84500000,104868.31000000,0.848
1749265582,0.84400000,144268.87000000,0.848
1749265582,0.84300000,116876.93000000,0.848
1749265582,0.84200000,64416.39000000,0.848
1749265582,0.84100000,132625.47000000,0.848
1749265582,0.84000000,63950.18000000,0.848
1749265582,0.83900000,30421.21000000,0.848
1749265582,0.83800000,147130.20000000,0.848
1749265582,0.83700000,9579.96000000,0.848
1749265582,0.83600000,57144.40000000,0.848
1749265582,0.83500000,40680.18000000,0.848
1749265582,0.83400000,98545.33000000,0.848
1749265582,0.83300000,11573.71000000,0.848
1749265582,0.83200000,15311.18000000,0.848
1749265582,0.83100000,14101.83000000,0.848
1749265582,0.83000000,39559.22000000,0.848
1749265582,0.82900000,9987.30000000,0.848
1749265582,0.82800000,20155.67000000,0.848
1749265582,0.82700000,25174.27000000,0.848
1749265582,0.82600000,8723.50000000,0.848
1749265582,0.82500000,8898.84000000,0.848
1749265582,0.82400000,27854.16000000,0.848
1749265582,0.82300000,8557.51000000,0.848
1749265582,0.82200000,8884.87000000,0.848
1749265582,0.82100000,31611.74000000,0.848
1749265582,0.82000000,58367.01000000,0.848
1749265582,0.81900000,12451.16000000,0.848
1749265582,0.81800000,8775.16000000,0.848
1749265582,0.81700000,27778.89000000,0.848
1749265582,0.81600000,7532.15000000,0.848
1749265582,0.81500000,45441.89000000,0.848
1749265582,0.81400000,7888.01000000,0.848
1749265582,0.81300000,52527.75000000,0.848
1749265582,0.81200000,8459.11000000,0.848
1749265582,0.81100000,18499.45000000,0.848
1749265582,0.81000000,51433.34000000,0.848
1749265582,0.80900000,4324.54000000,0.848
1749265582,0.80800000,5295.77000000,0.848
1749265582,0.80700000,4116.04000000,0.848
1749265582,0.80600000,1095.71000000,0.848
1749265582,0.80500000,3767.44000000,0.848
1749265582,0.80400000,345.77000000,0.848
1749265582,0.80300000,179.04000000,0.848
1749265582,0.80200000,9335.31000000,0.848
1749265582,0.80100000,552.98000000,0.848
1749265582,0.80000000,100706.40000000,0.848
1749265582,0.79900000,3273.20000000,0.848
1749265582,0.79800000,2699.80000000,0.848
1749265582,0.79700000,321.85000000,0.848
1749265582,0.79600000,1377.15000000,0.848
1749265582,0.79500000,488.36000000,0.848
1749265582,0.79400000,1155.54000000,0.848
1749265582,0.79300000,161.44000000,0.848
1749265582,0.79200000,867.44000000,0.848
1749265582,0.79100000,1213.58000000,0.848
1749265582,0.79000000,81675.12000000,0.848
1749265582,0.78900000,952.00000000,0.848
1749265582,0.78800000,8370.60000000,0.848
1749265582,0.78700000,4272.39000000,0.848
1749265582,0.78600000,3160.19000000,0.848
1749265582,0.78500000,4616.95000000,0.848
1749265582,0.78400000,176.42000000,0.848
1749265582,0.78300000,1926.25000000,0.848
1749265582,0.78200000,2751.87000000,0.848
1749265582,0.78100000,1023.75000000,0.848
1749265582,0.78000000,49226.59000000,0.848
1749265582,0.77900000,6500.17000000,0.848
1749265582,0.77800000,529.00000000,0.848
1749265582,0.77700000,4651.81000000,0.848
1749265582,0.77600000,4093.20000000,0.848
1749265582,0.77500000,3772.97000000,0.848
1749265582,0.77400000,514.14000000,0.848
1749265582,0.77300000,123.08000000,0.848
1749265582,0.77200000,133.14000000,0.848
1749265582,0.77100000,606.65000000,0.848
1749265582,0.77000000,16022.01000000,0.848
1749265582,0.76900000,1985.06000000,0.848
1749265582,0.76800000,835.21000000,0.848
1749265582,0.76700000,1585.14000000,0.848
1749265582,0.76600000,734.87000000,0.848
1749265582,0.76500000,12223.29000000,0.848
1749265582,0.76400000,88.33000000,0.848
1749265582,0.76300000,5032.32000000,0.848
1749265582,0.76200000,19739.86000000,0.848
1749265582,0.76100000,12593.26000000,0.848
1749265582,0.76000000,13678.28000000,0.848
1749265582,0.75900000,1568.37000000,0.848
1749265582,0.75800000,797.04000000,0.848
1749265582,0.75700000,70.60000000,0.848
1749265582,0.75600000,613.90000000,0.848
1749265582,0.75500000,34507.54000000,0.848
1749265582,0.75400000,675.61000000,0.848
1749265582,0.75300000,17493.80000000,0.848
1749265582,0.75200000,1383.11000000,0.848
1749265582,0.75100000,1333.71000000,0.848
1749265582,0.75000000,290594.72000000,0.848
1749265582,0.74900000,865.35000000,0.848
1749265884,0.85100000,21801.49000000,0.851
1749265884,0.85000000,297513.81000000,0.851
1749265884,0.84900000,172382.48000000,0.851
1749265884,0.84800000,157465.35000000,0.851
1749265884,0.84700000,117723.79000000,0.851
1749265884,0.84600000,116407.95000000,0.851
1749265884,0.84500000,73279.18000000,0.851
1749265884,0.84400000,125561.09000000,0.851
1749265884,0.84300000,49757.75000000,0.851
1749265884,0.84200000,120793.34000000,0.851
1749265884,0.84100000,41148.72000000,0.851
1749265884,0.84000000,80657.73000000,0.851
1749265884,0.83900000,80753.42000000,0.851
1749265884,0.83800000,96418.84000000,0.851
1749265884,0.83700000,20422.71000000,0.851
1749265884,0.83600000,11790.77000000,0.851
1749265884,0.83500000,17422.78000000,0.851
1749265884,0.83400000,21018.83000000,0.851
1749265884,0.83300000,7546.57000000,0.851
1749265884,0.83200000,48629.39000000,0.851
1749265884,0.83100000,28550.02000000,0.851
1749265884,0.83000000,10929.11000000,0.851
1749265884,0.82900000,10100.94000000,0.851
1749265884,0.82800000,7657.31000000,0.851
1749265884,0.82700000,28905.99000000,0.851
1749265884,0.82600000,8170.24000000,0.851
1749265884,0.82500000,14751.31000000,0.851
1749265884,0.82400000,8274.78000000,0.851
1749265884,0.82300000,7708.48000000,0.851
1749265884,0.82200000,8641.99000000,0.851
1749265884,0.82100000,31611.74000000,0.851
1749265884,0.82000000,10180.28000000,0.851
1749265884,0.81900000,8390.80000000,0.851
1749265884,0.81800000,8655.07000000,0.851
1749265884,0.81700000,28143.05000000,0.851
1749265884,0.81600000,7532.15000000,0.851
1749265884,0.81500000,44493.87000000,0.851
1749265884,0.81400000,5503.01000000,0.851
1749265884,0.81300000,50142.75000000,0.851
1749265884,0.81200000,6074.11000000,0.851
1749265884,0.81100000,14320.82000000,0.851
1749265884,0.81000000,45686.38000000,0.851
1749265884,0.80900000,400.60000000,0.851
1749265884,0.80800000,1347.02000000,0.851
1749265884,0.80700000,189.62000000,0.851
1749265884,0.80600000,1095.71000000,0.851
1749265884,0.80500000,3767.44000000,0.851
1749265884,0.80400000,345.77000000,0.851
1749265884,0.80300000,179.04000000,0.851
1749265884,0.80200000,9335.31000000,0.851
1749265884,0.80100000,552.98000000,0.851
1749265884,0.80000000,100706.40000000,0.851
1749265884,0.79900000,3273.20000000,0.851
1749265884,0.79800000,2699.80000000,0.851
1749265884,0.79700000,321.85000000,0.851
1749265884,0.79600000,1377.15000000,0.851
1749265884,0.79500000,488.36000000,0.851
1749265884,0.79400000,1155.54000000,0.851
1749265884,0.79300000,161.44000000,0.851
1749265884,0.79200000,867.44000000,0.851
1749265884,0.79100000,1213.58000000,0.851
1749265884,0.79000000,81675.12000000,0.851
1749265884,0.78900000,952.00000000,0.851
1749265884,0.78800000,8370.60000000,0.851
1749265884,0.78700000,4272.39000000,0.851
1749265884,0.78600000,3160.19000000,0.851
1749265884,0.78500000,4616.95000000,0.851
1749265884,0.78400000,685.74000000,0.851
1749265884,0.78300000,1926.25000000,0.851
1749265884,0.78200000,2751.87000000,0.851
1749265884,0.78100000,1023.75000000,0.851
1749265884,0.78000000,49226.59000000,0.851
1749265884,0.77900000,6500.17000000,0.851
1749265884,0.77800000,529.00000000,0.851
1749265884,0.77700000,4651.81000000,0.851
1749265884,0.77600000,4092.85000000,0.851
1749265884,0.77500000,3760.90000000,0.851
1749265884,0.77400000,502.39000000,0.851
1749265884,0.77300000,111.32000000,0.851
1749265884,0.77200000,121.37000000,0.851
1749265884,0.77100000,606.65000000,0.851
1749265884,0.77000000,16022.01000000,0.851
1749265884,0.76900000,1985.06000000,0.851
1749265884,0.76800000,835.21000000,0.851
1749265884,0.76700000,1585.14000000,0.851
1749265884,0.76600000,746.31000000,0.851
1749265884,0.76500000,12229.01000000,0.851
1749265884,0.76400000,119.79000000,0.851
1749265884,0.76300000,5046.62000000,0.851
1749265884,0.76200000,19739.86000000,0.851
1749265884,0.76100000,12593.26000000,0.851
1749265884,0.76000000,13632.20000000,0.851
1749265884,0.75900000,1562.61000000,0.851
1749265884,0.75800000,797.04000000,0.851
1749265884,0.75700000,61.90000000,0.851
1749265884,0.75600000,287.32000000,0.851
1749265884,0.75500000,34507.54000000,0.851
1749265884,0.75400000,675.61000000,0.851
1749265884,0.75300000,17493.80000000,0.851
1749265884,0.75200000,1383.11000000,0.851
1749266186,0.85700000,18691.67000000,0.857
1749266186,0.85600000,217729.93000000,0.857
1749266186,0.85500000,141499.54000000,0.857
1749266186,0.85400000,69742.36000000,0.857
1749266186,0.85300000,94976.58000000,0.857
1749266186,0.85200000,47819.62000000,0.857
1749266186,0.85100000,57999.90000000,0.857
1749266186,0.85000000,173413.04000000,0.857
1749266186,0.84900000,748127.76000000,0.857
1749266186,0.84800000,139664.58000000,0.857
1749266186,0.84700000,40413.34000000,0.857
1749266186,0.84600000,36239.47000000,0.857
1749266186,0.84500000,19171.74000000,0.857
1749266186,0.84400000,163558.32000000,0.857
1749266186,0.84300000,40846.24000000,0.857
1749266186,0.84200000,12653.20000000,0.857
1749266186,0.84100000,38712.09000000,0.857
1749266186,0.84000000,63483.53000000,0.857
1749266186,0.83900000,15034.96000000,0.857
1749266186,0.83800000,61606.32000000,0.857
1749266186,0.83700000,11097.67000000,0.857
1749266186,0.83600000,40669.36000000,0.857
1749266186,0.83500000,9247.73000000,0.857
1749266186,0.83400000,10768.05000000,0.857
1749266186,0.83300000,8091.95000000,0.857
1749266186,0.83200000,12596.82000000,0.857
1749266186,0.83100000,29074.20000000,0.857
1749266186,0.83000000,11136.12000000,0.857
1749266186,0.82900000,13002.88000000,0.857
1749266186,0.82800000,7597.02000000,0.857
1749266186,0.82700000,45215.51000000,0.857
1749266186,0.82600000,8669.44000000,0.857
1749266186,0.82500000,10982.04000000,0.857
1749266186,0.82400000,7547.93000000,0.857
1749266186,0.82300000,7588.19000000,0.857
1749266186,0.82200000,8641.99000000,0.857
1749266186,0.82100000,31854.91000000,0.857
1749266186,0.82000000,10180.28000000,0.857
1749266186,0.81900000,7685.67000000,0.857
1749266186,0.81800000,8411.00000000,0.857
1749266186,0.81700000,7766.69000000,0.857
1749266186,0.81600000,902.80000000,0.857
1749266186,0.81500000,37193.63000000,0.857
1749266186,0.81400000,531.27000000,0.857
1749266186,0.81300000,45112.19000000,0.857
1749266186,0.81200000,1043.76000000,0.857
1749266186,0.81100000,10379.82000000,0.857
1749266186,0.81000000,44686.38000000,0.857
1749266186,0.80900000,373.28000000,0.857
1749266186,0.80800000,1347.02000000,0.857
1749266186,0.80700000,152.45000000,0.857
1749266186,0.80600000,1095.71000000,0.857
1749266186,0.80500000,3742.60000000,0.857
1749266186,0.80400000,345.77000000,0.857
1749266186,0.80300000,166.59000000,0.857
1749266186,0.80200000,9335.31000000,0.857
1749266186,0.80100000,552.98000000,0.857
1749266186,0.80000000,100643.90000000,0.857
1749266186,0.79900000,3273.20000000,0.857
1749266186,0.79800000,2699.80000000,0.857
1749266186,0.79700000,321.85000000,0.857
1749266186,0.79600000,1377.15000000,0.857
1749266186,0.79500000,488.36000000,0.857
1749266186,0.79400000,1155.54000000,0.857
1749266186,0.79300000,161.44000000,0.857
1749266186,0.79200000,867.44000000,0.857
1749266186,0.79100000,1213.58000000,0.857
1749266186,0.79000000,81675.12000000,0.857
1749266186,0.78900000,952.00000000,0.857
1749266186,0.78800000,8877.33000000,0.857
1749266186,0.78700000,4272.39000000,0.857
1749266186,0.78600000,3160.19000000,0.857
1749266186,0.78500000,4616.95000000,0.857
1749266186,0.78400000,176.42000000,0.857
1749266186,0.78300000,1926.25000000,0.857
1749266186,0.78200000,2751.87000000,0.857
1749266186,0.78100000,1011.68000000,0.857
1749266186,0.78000000,49214.52000000,0.857
1749266186,0.77900000,6488.10000000,0.857
1749266186,0.77800000,516.93000000,0.857
1749266186,0.77700000,4639.74000000,0.857
1749266186,0.77600000,4081.13000000,0.857
1749266186,0.77500000,3760.90000000,0.857
1749266186,0.77400000,502.39000000,0.857
1749266186,0.77300000,111.32000000,0.857
1749266186,0.77200000,121.37000000,0.857
1749266186,0.77100000,606.65000000,0.857
1749266186,0.77000000,16027.69000000,0.857
1749266186,0.76900000,1996.42000000,0.857
1749266186,0.76800000,858.09000000,0.857
1749266186,0.76700000,1585.14000000,0.857
1749266186,0.76600000,774.91000000,0.857
1749266186,0.76500000,12229.01000000,0.857
1749266186,0.76400000,108.35000000,0.857
1749266186,0.76300000,5046.62000000,0.857
1749266186,0.76200000,19734.10000000,0.857
1749266186,0.76100000,12593.26000000,0.857
1749266186,0.76000000,13609.16000000,0.857
1749266186,0.75900000,1562.61000000,0.857
1749266186,0.75800000,797.04000000,0.857
1749266488,0.85100000,20167.83000000,0.851
1749266488,0.85000000,279490.24000000,0.851
1749266488,0.84900000,870277.89000000,0.851
1749266488,0.84800000,258667.38000000,0.851
1749266488,0.84700000,152816.93000000,0.851
1749266488,0.84600000,47835.67000000,0.851
1749266488,0.84500000,51276.14000000,0.851
1749266488,0.84400000,47871.88000000,0.851
1749266488,0.84300000,118055.32000000,0.851
1749266488,0.84200000,64923.29000000,0.851
1749266488,0.84100000,38884.26000000,0.851
1749266488,0.84000000,79563.63000000,0.851
1749266488,0.83900000,67002.26000000,0.851
1749266488,0.83800000,29498.99000000,0.851
1749266488,0.83700000,9939.72000000,0.851
1749266488,0.83600000,7962.16000000,0.851
1749266488,0.83500000,17202.99000000,0.851
1749266488,0.83400000,10218.41000000,0.851
1749266488,0.83300000,11184.53000000,0.851
1749266488,0.83200000,45025.72000000,0.851
1749266488,0.83100000,29368.64000000,0.851
1749266488,0.83000000,11075.98000000,0.851
1749266488,0.82900000,9011.01000000,0.851
1749266488,0.82800000,8802.64000000,0.851
1749266488,0.82700000,45215.51000000,0.851
1749266488,0.82600000,9215.35000000,0.851
1749266488,0.82500000,9893.04000000,0.851
1749266488,0.82400000,12248.28000000,0.851
1749266488,0.82300000,17575.79000000,0.851
1749266488,0.82200000,9306.80000000,0.851
1749266488,0.82100000,31611.74000000,0.851
1749266488,0.82000000,15293.26000000,0.851
1749266488,0.81900000,10487.56000000,0.851
1749266488,0.81800000,8411.00000000,0.851
1749266488,0.81700000,7766.69000000,0.851
1749266488,0.81600000,6627.29000000,0.851
1749266488,0.81500000,43650.58000000,0.851
1749266488,0.81400000,4593.62000000,0.851
1749266488,0.81300000,49175.97000000,0.851
1749266488,0.81200000,5104.20000000,0.851
1749266488,0.81100000,4731.33000000,0.851
1749266488,0.81000000,44686.38000000,0.851
1749266488,0.80900000,405.90000000,0.851
1749266488,0.80800000,1384.13000000,0.851
1749266488,0.80700000,152.45000000,0.851
1749266488,0.80600000,1095.71000000,0.851
1749266488,0.80500000,3742.60000000,0.851
1749266488,0.80400000,345.77000000,0.851
1749266488,0.80300000,166.59000000,0.851
1749266488,0.80200000,9335.31000000,0.851
1749266488,0.80100000,883.25000000,0.851
1749266488,0.80000000,99017.67000000,0.851
1749266488,0.79900000,3273.20000000,0.851
1749266488,0.79800000,2699.80000000,0.851
1749266488,0.79700000,321.85000000,0.851
1749266488,0.79600000,1377.15000000,0.851
1749266488,0.79500000,488.36000000,0.851
1749266488,0.79400000,1155.54000000,0.851
1749266488,0.79300000,161.44000000,0.851
1749266488,0.79200000,867.44000000,0.851
1749266488,0.79100000,1213.58000000,0.851
1749266488,0.79000000,81675.12000000,0.851
1749266488,0.78900000,952.00000000,0.851
1749266488,0.78800000,8370.60000000,0.851
1749266488,0.78700000,4272.39000000,0.851
1749266488,0.78600000,3668.21000000,0.851
1749266488,0.78500000,4616.95000000,0.851
1749266488,0.78400000,176.42000000,0.851
1749266488,0.78300000,1926.25000000,0.851
1749266488,0.78200000,2751.87000000,0.851
1749266488,0.78100000,1023.33000000,0.851
1749266488,0.78000000,49226.18000000,0.851
1749266488,0.77900000,6499.78000000,0.851
1749266488,0.77800000,528.62000000,0.851
1749266488,0.77700000,4651.44000000,0.851
1749266488,0.77600000,4092.85000000,0.851
1749266488,0.77500000,3760.90000000,0.851
1749266488,0.77400000,502.39000000,0.851
1749266488,0.77300000,111.32000000,0.851
1749266488,0.77200000,121.37000000,0.851
1749266488,0.77100000,606.65000000,0.851
1749266488,0.77000000,16027.69000000,0.851
1749266488,0.76900000,1996.42000000,0.851
1749266488,0.76800000,863.81000000,0.851
1749266488,0.76700000,1636.62000000,0.851
1749266488,0.76600000,769.19000000,0.851
1749266488,0.76500000,12223.29000000,0.851
1749266488,0.76400000,76.89000000,0.851
1749266488,0.76300000,5032.32000000,0.851
1749266488,0.76200000,19734.10000000,0.851
1749266488,0.76100000,12593.26000000,0.851
1749266488,0.76000000,13609.16000000,0.851
1749266488,0.75900000,1562.61000000,0.851
1749266488,0.75800000,797.04000000,0.851
1749266488,0.75700000,44.50000000,0.851
1749266488,0.75600000,275.72000000,0.851
1749266488,0.75500000,34507.54000000,0.851
1749266488,0.75400000,675.61000000,0.851
1749266488,0.75300000,17493.80000000,0.851
1749266488,0.75200000,1383.11000000,0.851
1749266789,0.85600000,38451.61000000,0.856
1749266789,0.85500000,278283.07000000,0.856
1749266789,0.85400000,199791.63000000,0.856
1749266789,0.85300000,74244.85000000,0.856
1749266789,0.85200000,110488.55000000,0.856
1749266789,0.85100000,92346.25000000,0.856
1749266789,0.85000000,119834.22000000,0.856
1749266789,0.84900000,761424.47000000,0.856
1749266789,0.84800000,59377.55000000,0.856
1749266789,0.84700000,73981.46000000,0.856
1749266789,0.84600000,27362.53000000,0.856
1749266789,0.84500000,120591.32000000,0.856
1749266789,0.84400000,64754.14000000,0.856
1749266789,0.84300000,14688.66000000,0.856
1749266789,0.84200000,84197.77000000,0.856
1749266789,0.84100000,13819.91000000,0.856
1749266789,0.84000000,51873.82000000,0.856
1749266789,0.83900000,10837.57000000,0.856
1749266789,0.83800000,10110.88000000,0.856
1749266789,0.83700000,6852.39000000,0.856
1749266789,0.83600000,14650.98000000,0.856
1749266789,0.83500000,32752.41000000,0.856
1749266789,0.83400000,8613.52000000,0.856
1749266789,0.83300000,7247.10000000,0.856
1749266789,0.83200000,12793.02000000,0.856
1749266789,0.83100000,28681.68000000,0.856
1749266789,0.83000000,10679.08000000,0.856
1749266789,0.82900000,13607.58000000,0.856
1749266789,0.82800000,7797.53000000,0.856
1749266789,0.82700000,45703.30000000,0.856
1749266789,0.82600000,8007.85000000,0.856
1749266789,0.82500000,9530.04000000,0.856
1749266789,0.82400000,7547.93000000,0.856
1749266789,0.82300000,17818.37000000,0.856
1749266789,0.82200000,8641.99000000,0.856
1749266789,0.82100000,31611.74000000,0.856
1749266789,0.82000000,10180.28000000,0.856
1749266789,0.81900000,5300.67000000,0.856
1749266789,0.81800000,6026.00000000,0.856
1749266789,0.81700000,5381.69000000,0.856
1749266789,0.81600000,4328.34000000,0.856
1749266789,0.81500000,37193.63000000,0.856
1749266789,0.81400000,515.16000000,0.856
1749266789,0.81300000,45112.19000000,0.856
1749266789,0.81200000,1129.21000000,0.856
1749266789,0.81100000,379.89000000,0.856
1749266789,0.81000000,44659.56000000,0.856
1749266789,0.80900000,405.90000000,0.856
1749266789,0.80800000,1371.76000000,0.856
1749266789,0.80700000,152.45000000,0.856
1749266789,0.80600000,1095.71000000,0.856
1749266789,0.80500000,3742.60000000,0.856
1749266789,0.80400000,345.77000000,0.856
1749266789,0.80300000,166.59000000,0.856
1749266789,0.80200000,9335.31000000,0.856
1749266789,0.80100000,883.25000000,0.856
1749266789,0.80000000,99780.17000000,0.856
1749266789,0.79900000,3273.20000000,0.856
1749266789,0.79800000,2699.80000000,0.856
1749266789,0.79700000,321.85000000,0.856
1749266789,0.79600000,1377.15000000,0.856
1749266789,0.79500000,488.36000000,0.856
1749266789,0.79400000,1155.54000000,0.856
1749266789,0.79300000,161.44000000,0.856
1749266789,0.79200000,867.44000000,0.856
1749266789,0.79100000,1213.58000000,0.856
1749266789,0.79000000,81657.12000000,0.856
1749266789,0.78900000,952.00000000,0.856
1749266789,0.78800000,8370.60000000,0.856
1749266789,0.78700000,4272.39000000,0.856
1749266789,0.78600000,3160.19000000,0.856
1749266789,0.78500000,4616.95000000,0.856
1749266789,0.78400000,176.42000000,0.856
1749266789,0.78300000,1926.25000000,0.856
1749266789,0.78200000,2751.87000000,0.856
1749266789,0.78100000,1023.33000000,0.856
1749266789,0.78000000,49214.52000000,0.856
1749266789,0.77900000,6488.10000000,0.856
1749266789,0.77800000,516.93000000,0.856
1749266789,0.77700000,4639.74000000,0.856
1749266789,0.77600000,4081.13000000,0.856
1749266789,0.77500000,3760.90000000,0.856
1749266789,0.77400000,502.39000000,0.856
1749266789,0.77300000,111.32000000,0.856
1749266789,0.77200000,121.37000000,0.856
1749266789,0.77100000,606.65000000,0.856
1749266789,0.77000000,16033.37000000,0.856
1749266789,0.76900000,2010.62000000,0.856
1749266789,0.76800000,860.95000000,0.856
1749266789,0.76700000,1648.06000000,0.856
1749266789,0.76600000,734.87000000,0.856
1749266789,0.76500000,12229.01000000,0.856
1749266789,0.76400000,76.89000000,0.856
1749266789,0.76300000,5032.32000000,0.856
1749266789,0.76200000,19734.10000000,0.856
1749266789,0.76100000,12593.26000000,0.856
1749266789,0.76000000,13609.16000000,0.856
1749266789,0.75900000,1562.61000000,0.856
1749266789,0.75800000,797.04000000,0.856
1749266789,0.75700000,44.50000000,0.856
1749267090,0.85300000,64710.11000000,0.854
1749267090,0.85200000,331364.84000000,0.854
1749267090,0.85100000,292039.59000000,0.854
1749267090,0.85000000,170064.52000000,0.854
1749267090,0.84900000,782025.08000000,0.854
1749267090,0.84800000,49245.41000000,0.854
1749267090,0.84700000,148810.95000000,0.854
1749267090,0.84600000,24092.15000000,0.854
1749267090,0.84500000,38001.93000000,0.854
1749267090,0.84400000,55082.84000000,0.854
1749267090,0.84300000,37461.20000000,0.854
1749267090,0.84200000,61117.99000000,0.854
1749267090,0.84100000,11112.93000000,0.854
1749267090,0.84000000,78582.20000000,0.854
1749267090,0.83900000,9252.27000000,0.854
1749267090,0.83800000,14013.26000000,0.854
1749267090,0.83700000,7092.11000000,0.854
1749267090,0.83600000,17376.85000000,0.854
1749267090,0.83500000,31334.87000000,0.854
1749267090,0.83400000,8972.59000000,0.854
1749267090,0.83300000,7972.12000000,0.854
1749267090,0.83200000,11912.94000000,0.854
1749267090,0.83100000,28407.67000000,0.854
1749267090,0.83000000,11522.62000000,0.854
1749267090,0.82900000,9054.33000000,0.854
1749267090,0.82800000,12837.57000000,0.854
1749267090,0.82700000,45042.51000000,0.854
1749267090,0.82600000,8007.85000000,0.854
1749267090,0.82500000,10197.96000000,0.854
1749267090,0.82400000,7547.93000000,0.854
1749267090,0.82300000,17818.37000000,0.854
1749267090,0.82200000,8641.99000000,0.854
1749267090,0.82100000,31611.74000000,0.854
1749267090,0.82000000,10180.28000000,0.854
1749267090,0.81900000,7685.67000000,0.854
1749267090,0.81800000,8411.00000000,0.854
1749267090,0.81700000,5381.69000000,0.854
1749267090,0.81600000,4376.60000000,0.854
1749267090,0.81500000,41455.08000000,0.854
1749267090,0.81400000,4866.12000000,0.854
1749267090,0.81300000,49459.64000000,0.854
1749267090,0.81200000,1129.21000000,0.854
1749267090,0.81100000,379.89000000,0.854
1749267090,0.81000000,44659.56000000,0.854
1749267090,0.80900000,373.28000000,0.854
1749267090,0.80800000,1371.76000000,0.854
1749267090,0.80700000,152.45000000,0.854
1749267090,0.80600000,1095.71000000,0.854
1749267090,0.80500000,3742.60000000,0.854
1749267090,0.80400000,345.77000000,0.854
1749267090,0.80300000,166.59000000,0.854
1749267090,0.80200000,9335.31000000,0.854
1749267090,0.80100000,883.25000000,0.854
1749267090,0.80000000,99610.85000000,0.854
1749267090,0.79900000,3273.20000000,0.854
1749267090,0.79800000,2699.80000000,0.854
1749267090,0.79700000,321.85000000,0.854
1749267090,0.79600000,1377.15000000,0.854
1749267090,0.79500000,488.36000000,0.854
1749267090,0.79400000,1155.54000000,0.854
1749267090,0.79300000,161.44000000,0.854
1749267090,0.79200000,867.44000000,0.854
1749267090,0.79100000,1213.58000000,0.854
1749267090,0.79000000,81657.12000000,0.854
1749267090,0.78900000,952.00000000,0.854
1749267090,0.78800000,8370.60000000,0.854
1749267090,0.78700000,4272.39000000,0.854
1749267090,0.78600000,3160.19000000,0.854
1749267090,0.78500000,4616.95000000,0.854
1749267090,0.78400000,176.42000000,0.854
1749267090,0.78300000,1926.25000000,0.854
1749267090,0.78200000,2751.87000000,0.854
1749267090,0.78100000,1023.33000000,0.854
1749267090,0.78000000,49226.18000000,0.854
1749267090,0.77900000,6499.79000000,0.854
1749267090,0.77800000,528.62000000,0.854
1749267090,0.77700000,4639.74000000,0.854
1749267090,0.77600000,4081.13000000,0.854
1749267090,0.77500000,3760.90000000,0.854
1749267090,0.77400000,502.39000000,0.854
1749267090,0.77300000,111.32000000,0.854
1749267090,0.77200000,121.37000000,0.854
1749267090,0.77100000,606.65000000,0.854
1749267090,0.77000000,16039.05000000,0.854
1749267090,0.76900000,2061.74000000,0.854
1749267090,0.76800000,855.23000000,0.854
1749267090,0.76700000,1596.58000000,0.854
1749267090,0.76600000,734.87000000,0.854
1749267090,0.76500000,12229.01000000,0.854
1749267090,0.76400000,76.89000000,0.854
1749267090,0.76300000,5032.32000000,0.854
1749267090,0.76200000,19734.10000000,0.854
1749267090,0.76100000,12593.26000000,0.854
1749267090,0.76000000,13609.16000000,0.854
1749267090,0.75900000,1562.61000000,0.854
1749267090,0.75800000,797.04000000,0.854
1749267090,0.75700000,44.50000000,0.854
1749267090,0.75600000,275.72000000,0.854
1749267090,0.75500000,34507.54000000,0.854
1749267090,0.75400000,675.61000000,0.854
1749267392,0.86000000,16059.78000000,0.86
1749267392,0.85900000,187839.39000000,0.86
1749267392,0.85800000,260211.41000000,0.86
1749267392,0.85700000,62356.56000000,0.86
1749267392,0.85600000,43924.13000000,0.86
1749267392,0.85500000,42208.56000000,0.86
1749267392,0.85400000,206921.73000000,0.86
1749267392,0.85300000,36974.74000000,0.86
1749267392,0.85200000,152223.66000000,0.86
1749267392,0.85100000,85270.56000000,0.86
1749267392,0.85000000,34951.59000000,0.86
1749267392,0.84900000,761054.99000000,0.86
1749267392,0.84800000,25288.55000000,0.86
1749267392,0.84700000,65354.56000000,0.86
1749267392,0.84600000,16124.44000000,0.86
1749267392,0.84500000,55253.50000000,0.86
1749267392,0.84400000,23759.74000000,0.86
1749267392,0.84300000,14292.24000000,0.86
1749267392,0.84200000,81088.53000000,0.86
1749267392,0.84100000,6703.92000000,0.86
1749267392,0.84000000,21889.60000000,0.86
1749267392,0.83900000,6687.29000000,0.86
1749267392,0.83800000,52189.01000000,0.86
1749267392,0.83700000,7327.64000000,0.86
1749267392,0.83600000,5788.03000000,0.86
1749267392,0.83500000,19714.40000000,0.86
1749267392,0.83400000,8417.05000000,0.86
1749267392,0.83300000,8205.75000000,0.86
1749267392,0.83200000,16888.76000000,0.86
1749267392,0.83100000,8490.90000000,0.86
1749267392,0.83000000,9331.68000000,0.86
1749267392,0.82900000,7943.52000000,0.86
1749267392,0.82800000,9767.13000000,0.86
1749267392,0.82700000,45708.81000000,0.86
1749267392,0.82600000,8249.55000000,0.86
1749267392,0.82500000,9492.44000000,0.86
1749267392,0.82400000,7547.93000000,0.86
1749267392,0.82300000,17575.79000000,0.86
1749267392,0.82200000,8641.99000000,0.86
1749267392,0.82100000,31611.74000000,0.86
1749267392,0.82000000,10280.28000000,0.86
1749267392,0.81900000,753.99000000,0.86
1749267392,0.81800000,1042.91000000,0.86
1749267392,0.81700000,397.66000000,0.86
1749267392,0.81600000,103.96000000,0.86
1749267392,0.81500000,37193.63000000,0.86
1749267392,0.81400000,515.16000000,0.86
1749267392,0.81300000,45112.19000000,0.86
1749267392,0.81200000,1129.21000000,0.86
1749267392,0.81100000,379.89000000,0.86
1749267392,0.81000000,44659.56000000,0.86
1749267392,0.80900000,405.75000000,0.86
1749267392,0.80800000,1371.76000000,0.86
1749267392,0.80700000,152.45000000,0.86
1749267392,0.80600000,1095.71000000,0.86
1749267392,0.80500000,3742.60000000,0.86
1749267392,0.80400000,345.77000000,0.86
1749267392,0.80300000,166.59000000,0.86
1749267392,0.80200000,9335.31000000,0.86
1749267392,0.80100000,633.99000000,0.86
1749267392,0.80000000,99610.85000000,0.86
1749267392,0.79900000,3273.20000000,0.86
1749267392,0.79800000,2699.80000000,0.86
1749267392,0.79700000,321.85000000,0.86
1749267392,0.79600000,1377.15000000,0.86
1749267392,0.79500000,488.36000000,0.86
1749267392,0.79400000,1155.54000000,0.86
1749267392,0.79300000,161.44000000,0.86
1749267392,0.79200000,867.44000000,0.86
1749267392,0.79100000,1718.39000000,0.86
1749267392,0.79000000,81657.12000000,0.86
1749267392,0.78900000,952.00000000,0.86
1749267392,0.78800000,8370.60000000,0.86
1749267392,0.78700000,4272.39000000,0.86
1749267392,0.78600000,6496.86000000,0.86
1749267392,0.78500000,4616.95000000,0.86
1749267392,0.78400000,164.35000000,0.86
1749267392,0.78300000,1914.18000000,0.86
1749267392,0.78200000,2739.80000000,0.86
1749267392,0.78100000,1011.68000000,0.86
1749267392,0.78000000,49201.70000000,0.86
1749267392,0.77900000,6488.10000000,0.86
1749267392,0.77800000,516.93000000,0.86
1749267392,0.77700000,4639.74000000,0.86
1749267392,0.77600000,4081.13000000,0.86
1749267392,0.77500000,3760.90000000,0.86
1749267392,0.77400000,502.39000000,0.86
1749267392,0.77300000,125.52000000,0.86
1749267392,0.77200000,124.21000000,0.86
1749267392,0.77100000,632.21000000,0.86
1749267392,0.77000000,16047.57000000,0.86
1749267392,0.76900000,2047.54000000,0.86
1749267392,0.76800000,835.21000000,0.86
1749267392,0.76700000,1585.14000000,0.86
1749267392,0.76600000,734.87000000,0.86
1749267392,0.76500000,12223.29000000,0.86
1749267392,0.76400000,76.89000000,0.86
1749267392,0.76300000,5032.32000000,0.86
1749267392,0.76200000,19734.10000000,0.86
1749267392,0.76100000,12593.26000000,0.86
1749267694,0.86500000,41605.82000000,0.865
1749267694,0.86400000,263120.14000000,0.865
1749267694,0.86300000,207875.16000000,0.865
1749267694,0.86200000,54589.78000000,0.865
1749267694,0.86100000,59859.41000000,0.865
1749267694,0.86000000,76108.85000000,0.865
1749267694,0.85900000,99534.14000000,0.865
1749267694,0.85800000,105605.56000000,0.865
1749267694,0.85700000,122398.02000000,0.865
1749267694,0.85600000,61492.86000000,0.865
1749267694,0.85500000,25543.11000000,0.865
1749267694,0.85400000,53375.81000000,0.865
1749267694,0.85300000,91829.04000000,0.865
1749267694,0.85200000,101350.76000000,0.865
1749267694,0.85100000,15236.19000000,0.865
1749267694,0.85000000,61674.18000000,0.865
1749267694,0.84900000,27017.65000000,0.865
1749267694,0.84800000,17241.84000000,0.865
1749267694,0.84700000,16918.05000000,0.865
1749267694,0.84600000,37781.67000000,0.865
1749267694,0.84500000,48519.90000000,0.865
