timestamp,price,volume,current_price
1749258394,0.00002107,111080511.00,2.106e-05
1749258394,0.00002106,121937262.00,2.106e-05
1749258394,0.00002105,262029230.00,2.106e-05
1749258394,0.00002104,51914774.00,2.106e-05
1749258394,0.00002103,25616255.00,2.106e-05
1749258394,0.00002102,26758731.00,2.106e-05
1749258394,0.00002101,69306079.00,2.106e-05
1749258394,0.00002100,38555489.00,2.106e-05
1749258394,0.00002099,204466819.00,2.106e-05
1749258394,0.00002098,187843828.00,2.106e-05
1749258394,0.00002097,48972744.00,2.106e-05
1749258394,0.00002096,37638581.00,2.106e-05
1749258394,0.00002095,68855256.00,2.106e-05
1749258394,0.00002094,27091324.00,2.106e-05
1749258394,0.00002093,41012808.00,2.106e-05
1749258394,0.00002092,46883210.00,2.106e-05
1749258394,0.00002091,214027707.00,2.106e-05
1749258394,0.00002090,130865173.00,2.106e-05
1749258394,0.00002089,30012522.00,2.106e-05
1749258394,0.00002088,66265660.00,2.106e-05
1749258394,0.00002087,94963508.00,2.106e-05
1749258394,0.00002086,26038096.00,2.106e-05
1749258394,0.00002085,26140966.00,2.106e-05
1749258394,0.00002084,12468188.00,2.106e-05
1749258394,0.00002083,36964690.00,2.106e-05
1749258394,0.00002082,52606567.00,2.106e-05
1749258394,0.00002080,95585794.00,2.106e-05
1749258394,0.00002079,31854890.00,2.106e-05
1749258394,0.00002077,9998272.00,2.106e-05
1749258394,0.00002076,40133004.00,2.106e-05
1749258394,0.00002075,387178.00,2.106e-05
1749258394,0.00002073,6206938.00,2.106e-05
1749258394,0.00002072,660943.00,2.106e-05
1749258394,0.00002070,434782.00,2.106e-05
1749258394,0.00002064,387178.00,2.106e-05
1749258394,0.00002060,1138808.00,2.106e-05
1749258394,0.00002053,387178.00,2.106e-05
1749258394,0.00002050,1221687.00,2.106e-05
1749258394,0.00002048,660943.00,2.106e-05
1749258394,0.00002043,387178.00,2.106e-05
1749258394,0.00002036,660943.00,2.106e-05
1749258394,0.00002035,477865.00,2.106e-05
1749258394,0.00002032,387178.00,2.106e-05
1749258394,0.00002028,10529604.00,2.106e-05
1749258394,0.00002024,660943.00,2.106e-05
1749258394,0.00002022,19704433.00,2.106e-05
1749258394,0.00002021,387178.00,2.106e-05
1749258394,0.00002017,111262203.00,2.106e-05
1749258394,0.00002016,1192091.00,2.106e-05
1749258394,0.00002015,76494121.00,2.106e-05
1749258394,0.00002012,660943.00,2.106e-05
1749258394,0.00002011,865043.00,2.106e-05
1749258394,0.00002010,566373.00,2.106e-05
1749258394,0.00002008,60000000.00,2.106e-05
1749258394,0.00002005,1246882.00,2.106e-05
1749258394,0.00002002,6240334.00,2.106e-05
1749258394,0.00002000,42374568.00,2.106e-05
1749258394,0.00001999,660943.00,2.106e-05
1749258394,0.00001990,1903612.00,2.106e-05
1749258394,0.00001989,688837.00,2.106e-05
1749258394,0.00001987,1138808.00,2.106e-05
1749258394,0.00001985,287763.00,2.106e-05
1749258394,0.00001980,2777777.00,2.106e-05
1749258394,0.00001979,25652463.00,2.106e-05
1749258394,0.00001975,660943.00,2.106e-05
1749258394,0.00001972,1450294.00,2.106e-05
1749258394,0.00001970,861760.00,2.106e-05
1749258394,0.00001968,387178.00,2.106e-05
1749258394,0.00001963,4548134.00,2.106e-05
1749258394,0.00001961,2714745.00,2.106e-05
1749258394,0.00001960,510204.00,2.106e-05
1749258394,0.00001958,387178.00,2.106e-05
1749258394,0.00001957,328676.00,2.106e-05
1749258394,0.00001951,24562793.00,2.106e-05
1749258394,0.00001950,27338972.00,2.106e-05
1749258394,0.00001949,25654181.00,2.106e-05
1749258394,0.00001947,23340103.00,2.106e-05
1749258394,0.00001940,993328.00,2.106e-05
1749258394,0.00001939,660943.00,2.106e-05
1749258394,0.00001936,516528.00,2.106e-05
1749258394,0.00001934,4255974.00,2.106e-05
1749258394,0.00001930,6479730.00,2.106e-05
1749258394,0.00001927,660943.00,2.106e-05
1749258394,0.00001924,262474.00,2.106e-05
1749258394,0.00001920,520833.00,2.106e-05
1749258394,0.00001918,271115.00,2.106e-05
1749258394,0.00001917,477865.00,2.106e-05
1749258394,0.00001916,2730121.00,2.106e-05
1749258394,0.00001915,660943.00,2.106e-05
1749258394,0.00001911,9493459.00,2.106e-05
1749258394,0.00001910,668900.00,2.106e-05
1749258394,0.00001908,49456221.00,2.106e-05
1749258394,0.00001905,32112966.00,2.106e-05
1749258394,0.00001902,660943.00,2.106e-05
1749258394,0.00001901,584454.00,2.106e-05
1749258394,0.00001900,60310723.00,2.106e-05
1749258394,0.00001899,14217670.00,2.106e-05
1749258394,0.00001894,477865.00,2.106e-05
1749258394,0.00001891,1322051.00,2.106e-05
1749258394,0.00001890,1076870.00,2.106e-05
1749258710,0.00002105,42538277.00,2.105e-05
1749258710,0.00002104,65435453.00,2.105e-05
1749258710,0.00002103,28872525.00,2.105e-05
1749258710,0.00002102,38445584.00,2.105e-05
1749258710,0.00002101,42832040.00,2.105e-05
1749258710,0.00002100,38579599.00,2.105e-05
1749258710,0.00002099,25648142.00,2.105e-05
1749258710,0.00002098,409420042.00,2.105e-05
1749258710,0.00002097,58454299.00,2.105e-05
1749258710,0.00002096,38256880.00,2.105e-05
1749258710,0.00002095,35842227.00,2.105e-05
1749258710,0.00002094,42916143.00,2.105e-05
1749258710,0.00002093,63042949.00,2.105e-05
1749258710,0.00002092,21234816.00,2.105e-05
1749258710,0.00002091,192136977.00,2.105e-05
1749258710,0.00002090,129690680.00,2.105e-05
1749258710,0.00002089,30012522.00,2.105e-05
1749258710,0.00002088,66287717.00,2.105e-05
1749258710,0.00002087,94963508.00,2.105e-05
1749258710,0.00002086,51756007.00,2.105e-05
1749258710,0.00002085,26140966.00,2.105e-05
1749258710,0.00002084,13655272.00,2.105e-05
1749258710,0.00002083,36964690.00,2.105e-05
1749258710,0.00002082,26448720.00,2.105e-05
1749258710,0.00002080,84820532.00,2.105e-05
1749258710,0.00002079,31854890.00,2.105e-05
1749258710,0.00002078,78868372.00,2.105e-05
1749258710,0.00002077,9998272.00,2.105e-05
1749258710,0.00002076,1187084.00,2.105e-05
1749258710,0.00002075,387178.00,2.105e-05
1749258710,0.00002073,6206938.00,2.105e-05
1749258710,0.00002072,1848027.00,2.105e-05
1749258710,0.00002070,434782.00,2.105e-05
1749258710,0.00002068,1187084.00,2.105e-05
1749258710,0.00002064,1435355.00,2.105e-05
1749258710,0.00002060,1138808.00,2.105e-05
1749258710,0.00002053,387178.00,2.105e-05
1749258710,0.00002050,1221687.00,2.105e-05
1749258710,0.00002048,660943.00,2.105e-05
1749258710,0.00002043,387178.00,2.105e-05
1749258710,0.00002036,660943.00,2.105e-05
1749258710,0.00002035,477865.00,2.105e-05
1749258710,0.00002032,387178.00,2.105e-05
1749258710,0.00002028,10529604.00,2.105e-05
1749258710,0.00002024,660943.00,2.105e-05
1749258710,0.00002022,19704433.00,2.105e-05
1749258710,0.00002021,387178.00,2.105e-05
1749258710,0.00002017,111262203.00,2.105e-05
1749258710,0.00002016,1192091.00,2.105e-05
1749258710,0.00002015,76494121.00,2.105e-05
1749258710,0.00002012,660943.00,2.105e-05
1749258710,0.00002011,865043.00,2.105e-05
1749258710,0.00002010,566373.00,2.105e-05
1749258710,0.00002008,60000000.00,2.105e-05
1749258710,0.00002005,1246882.00,2.105e-05
1749258710,0.00002002,6240334.00,2.105e-05
1749258710,0.00002000,42374568.00,2.105e-05
1749258710,0.00001999,660943.00,2.105e-05
1749258710,0.00001990,1903612.00,2.105e-05
1749258710,0.00001989,688837.00,2.105e-05
1749258710,0.00001987,1138808.00,2.105e-05
1749258710,0.00001985,287763.00,2.105e-05
1749258710,0.00001980,2777777.00,2.105e-05
1749258710,0.00001979,25652463.00,2.105e-05
1749258710,0.00001975,660943.00,2.105e-05
1749258710,0.00001972,1450294.00,2.105e-05
1749258710,0.00001970,861760.00,2.105e-05
1749258710,0.00001968,387178.00,2.105e-05
1749258710,0.00001963,4548134.00,2.105e-05
1749258710,0.00001961,2714745.00,2.105e-05
1749258710,0.00001960,510204.00,2.105e-05
1749258710,0.00001958,387178.00,2.105e-05
1749258710,0.00001957,328676.00,2.105e-05
1749258710,0.00001951,24562793.00,2.105e-05
1749258710,0.00001950,27338972.00,2.105e-05
1749258710,0.00001949,25654181.00,2.105e-05
1749258710,0.00001947,23340103.00,2.105e-05
1749258710,0.00001940,993328.00,2.105e-05
1749258710,0.00001939,660943.00,2.105e-05
1749258710,0.00001936,516528.00,2.105e-05
1749258710,0.00001934,4255974.00,2.105e-05
1749258710,0.00001930,6479730.00,2.105e-05
1749258710,0.00001927,660943.00,2.105e-05
1749258710,0.00001924,262474.00,2.105e-05
1749258710,0.00001920,520833.00,2.105e-05
1749258710,0.00001918,271115.00,2.105e-05
1749258710,0.00001917,477865.00,2.105e-05
1749258710,0.00001916,2730121.00,2.105e-05
1749258710,0.00001915,660943.00,2.105e-05
1749258710,0.00001911,9493459.00,2.105e-05
1749258710,0.00001910,668900.00,2.105e-05
1749258710,0.00001908,49456221.00,2.105e-05
1749258710,0.00001905,32112966.00,2.105e-05
1749258710,0.00001902,660943.00,2.105e-05
1749258710,0.00001901,584454.00,2.105e-05
1749258710,0.00001900,60310723.00,2.105e-05
1749258710,0.00001899,14217670.00,2.105e-05
1749258710,0.00001894,477865.00,2.105e-05
1749258710,0.00001891,1322051.00,2.105e-05
1749258710,0.00001890,1076870.00,2.105e-05
1749259016,0.00002103,37060859.00,2.103e-05
1749259016,0.00002102,92350216.00,2.103e-05
1749259016,0.00002101,160435868.00,2.103e-05
1749259016,0.00002100,212722218.00,2.103e-05
1749259016,0.00002099,349763979.00,2.103e-05
1749259016,0.00002098,89892397.00,2.103e-05
1749259016,0.00002097,46314584.00,2.103e-05
1749259016,0.00002096,188256880.00,2.103e-05
1749259016,0.00002095,82041724.00,2.103e-05
1749259016,0.00002094,24397561.00,2.103e-05
1749259016,0.00002093,41049837.00,2.103e-05
1749259016,0.00002092,21234816.00,2.103e-05
1749259016,0.00002091,20019065.00,2.103e-05
1749259016,0.00002090,105356639.00,2.103e-05
1749259016,0.00002089,192354381.00,2.103e-05
1749259016,0.00002088,66287717.00,2.103e-05
1749259016,0.00002087,67946955.00,2.103e-05
1749259016,0.00002086,25717911.00,2.103e-05
1749259016,0.00002085,865043.00,2.103e-05
1749259016,0.00002084,23619960.00,2.103e-05
1749259016,0.00002083,11811423.00,2.103e-05
1749259016,0.00002082,51759587.00,2.103e-05
1749259016,0.00002081,25176705.00,2.103e-05
1749259016,0.00002080,110933738.00,2.103e-05
1749259016,0.00002079,31854890.00,2.103e-05
1749259016,0.00002078,78868372.00,2.103e-05
1749259016,0.00002076,1187084.00,2.103e-05
1749259016,0.00002075,387178.00,2.103e-05
1749259016,0.00002073,6206938.00,2.103e-05
1749259016,0.00002072,1848027.00,2.103e-05
1749259016,0.00002070,434782.00,2.103e-05
1749259016,0.00002068,1187084.00,2.103e-05
1749259016,0.00002064,1412830.00,2.103e-05
1749259016,0.00002060,1138808.00,2.103e-05
1749259016,0.00002053,387178.00,2.103e-05
1749259016,0.00002050,1221687.00,2.103e-05
1749259016,0.00002048,660943.00,2.103e-05
1749259016,0.00002043,387178.00,2.103e-05
1749259016,0.00002036,660943.00,2.103e-05
1749259016,0.00002035,477865.00,2.103e-05
1749259016,0.00002032,387178.00,2.103e-05
1749259016,0.00002028,10529604.00,2.103e-05
1749259016,0.00002024,660943.00,2.103e-05
1749259016,0.00002022,19704433.00,2.103e-05
1749259016,0.00002021,387178.00,2.103e-05
1749259016,0.00002017,111262203.00,2.103e-05
1749259016,0.00002016,1192091.00,2.103e-05
1749259016,0.00002015,76494121.00,2.103e-05
1749259016,0.00002012,660943.00,2.103e-05
1749259016,0.00002011,865043.00,2.103e-05
1749259016,0.00002010,566373.00,2.103e-05
1749259016,0.00002008,60000000.00,2.103e-05
1749259016,0.00002005,1246882.00,2.103e-05
1749259016,0.00002002,6240334.00,2.103e-05
1749259016,0.00002000,42374568.00,2.103e-05
1749259016,0.00001999,916070.00,2.103e-05
1749259016,0.00001990,1903612.00,2.103e-05
1749259016,0.00001989,688837.00,2.103e-05
1749259016,0.00001987,1138808.00,2.103e-05
1749259016,0.00001985,287763.00,2.103e-05
1749259016,0.00001980,2777777.00,2.103e-05
1749259016,0.00001979,25652463.00,2.103e-05
1749259016,0.00001975,660943.00,2.103e-05
1749259016,0.00001972,1450294.00,2.103e-05
1749259016,0.00001970,861760.00,2.103e-05
1749259016,0.00001968,387178.00,2.103e-05
1749259016,0.00001963,4548134.00,2.103e-05
1749259016,0.00001961,2714745.00,2.103e-05
1749259016,0.00001960,510204.00,2.103e-05
1749259016,0.00001958,387178.00,2.103e-05
1749259016,0.00001957,328676.00,2.103e-05
1749259016,0.00001951,24562793.00,2.103e-05
1749259016,0.00001950,27338972.00,2.103e-05
1749259016,0.00001949,25654181.00,2.103e-05
1749259016,0.00001947,23340103.00,2.103e-05
1749259016,0.00001940,993328.00,2.103e-05
1749259016,0.00001939,660943.00,2.103e-05
1749259016,0.00001936,516528.00,2.103e-05
1749259016,0.00001934,4255974.00,2.103e-05
1749259016,0.00001930,6479730.00,2.103e-05
1749259016,0.00001927,660943.00,2.103e-05
1749259016,0.00001924,262474.00,2.103e-05
1749259016,0.00001920,520833.00,2.103e-05
1749259016,0.00001918,271115.00,2.103e-05
1749259016,0.00001917,477865.00,2.103e-05
1749259016,0.00001916,2730121.00,2.103e-05
1749259016,0.00001915,660943.00,2.103e-05
1749259016,0.00001911,9493459.00,2.103e-05
1749259016,0.00001910,668900.00,2.103e-05
1749259016,0.00001908,49456221.00,2.103e-05
1749259016,0.00001905,32112966.00,2.103e-05
1749259016,0.00001902,660943.00,2.103e-05
1749259016,0.00001901,584454.00,2.103e-05
1749259016,0.00001900,60310723.00,2.103e-05
1749259016,0.00001899,13069398.00,2.103e-05
1749259016,0.00001896,1150452.00,2.103e-05
1749259016,0.00001894,477865.00,2.103e-05
1749259016,0.00001891,1322051.00,2.103e-05
1749259016,0.00001890,1076870.00,2.103e-05
1749259016,0.00001885,297082.00,2.103e-05
