timestamp,price,volume,current_price
1749260778,0.00002100,24890690.00,2.1e-05
1749260778,0.00002099,76738927.00,2.1e-05
1749260778,0.00002098,95308322.00,2.1e-05
1749260778,0.00002097,265305558.00,2.1e-05
1749260778,0.00002096,317489335.00,2.1e-05
1749260778,0.00002095,42976500.00,2.1e-05
1749260778,0.00002094,28254870.00,2.1e-05
1749260778,0.00002093,187819823.00,2.1e-05
1749260778,0.00002092,49241516.00,2.1e-05
1749260778,0.00002091,47145367.00,2.1e-05
1749260778,0.00002090,47654407.00,2.1e-05
1749260778,0.00002089,79502219.00,2.1e-05
1749260778,0.00002088,38924078.00,2.1e-05
1749260778,0.00002087,72875959.00,2.1e-05
1749260778,0.00002086,192516190.00,2.1e-05
1749260778,0.00002085,67225569.00,2.1e-05
1749260778,0.00002084,20665706.00,2.1e-05
1749260778,0.00002083,20009528.00,2.1e-05
1749260778,0.00002082,26723924.00,2.1e-05
1749260778,0.00002080,30599956.00,2.1e-05
1749260778,0.00002079,25581458.00,2.1e-05
1749260778,0.00002078,44422499.00,2.1e-05
1749260778,0.00002077,64364409.00,2.1e-05
1749260778,0.00002076,141816814.00,2.1e-05
1749260778,0.00002075,57949493.00,2.1e-05
1749260778,0.00002074,26188751.00,2.1e-05
1749260778,0.00002073,10017564.00,2.1e-05
1749260778,0.00002072,110880037.00,2.1e-05
1749260778,0.00002070,434782.00,2.1e-05
1749260778,0.00002068,20976619.00,2.1e-05
1749260778,0.00002065,6232378.00,2.1e-05
1749260778,0.00002064,387178.00,2.1e-05
1749260778,0.00002063,20132244.00,2.1e-05
1749260778,0.00002060,1138808.00,2.1e-05
1749260778,0.00002053,387178.00,2.1e-05
1749260778,0.00002050,1221687.00,2.1e-05
1749260778,0.00002048,660943.00,2.1e-05
1749260778,0.00002043,387178.00,2.1e-05
1749260778,0.00002039,294262.00,2.1e-05
1749260778,0.00002036,660943.00,2.1e-05
1749260778,0.00002035,477865.00,2.1e-05
1749260778,0.00002032,387178.00,2.1e-05
1749260778,0.00002028,749103.00,2.1e-05
1749260778,0.00002024,660943.00,2.1e-05
1749260778,0.00002022,19704433.00,2.1e-05
1749260778,0.00002021,387178.00,2.1e-05
1749260778,0.00002017,111262203.00,2.1e-05
1749260778,0.00002016,1192091.00,2.1e-05
1749260778,0.00002015,76494121.00,2.1e-05
1749260778,0.00002012,660943.00,2.1e-05
1749260778,0.00002011,865043.00,2.1e-05
1749260778,0.00002010,566373.00,2.1e-05
1749260778,0.00002008,60000000.00,2.1e-05
1749260778,0.00002005,1246882.00,2.1e-05
1749260778,0.00002002,6240334.00,2.1e-05
1749260778,0.00002000,42624568.00,2.1e-05
1749260778,0.00001999,916070.00,2.1e-05
1749260778,0.00001990,1903612.00,2.1e-05
1749260778,0.00001989,688837.00,2.1e-05
1749260778,0.00001987,1138808.00,2.1e-05
1749260778,0.00001985,287763.00,2.1e-05
1749260778,0.00001980,2777777.00,2.1e-05
1749260778,0.00001979,25652463.00,2.1e-05
1749260778,0.00001976,455466.00,2.1e-05
1749260778,0.00001975,660943.00,2.1e-05
1749260778,0.00001972,1450294.00,2.1e-05
1749260778,0.00001970,861760.00,2.1e-05
1749260778,0.00001968,387178.00,2.1e-05
1749260778,0.00001963,4548134.00,2.1e-05
1749260778,0.00001961,2714745.00,2.1e-05
1749260778,0.00001960,510204.00,2.1e-05
1749260778,0.00001958,387178.00,2.1e-05
1749260778,0.00001957,328676.00,2.1e-05
1749260778,0.00001951,24562793.00,2.1e-05
1749260778,0.00001950,27338972.00,2.1e-05
1749260778,0.00001949,25654181.00,2.1e-05
1749260778,0.00001947,23340103.00,2.1e-05
1749260778,0.00001940,993328.00,2.1e-05
1749260778,0.00001939,660943.00,2.1e-05
1749260778,0.00001936,516528.00,2.1e-05
1749260778,0.00001934,4255974.00,2.1e-05
1749260778,0.00001930,6479730.00,2.1e-05
1749260778,0.00001927,660943.00,2.1e-05
1749260778,0.00001924,262474.00,2.1e-05
1749260778,0.00001920,520833.00,2.1e-05
1749260778,0.00001918,271115.00,2.1e-05
1749260778,0.00001917,477865.00,2.1e-05
1749260778,0.00001916,2730121.00,2.1e-05
1749260778,0.00001915,660943.00,2.1e-05
1749260778,0.00001913,627287.00,2.1e-05
1749260778,0.00001911,9493459.00,2.1e-05
1749260778,0.00001910,668900.00,2.1e-05
1749260778,0.00001908,49456221.00,2.1e-05
1749260778,0.00001905,32112966.00,2.1e-05
1749260778,0.00001902,660943.00,2.1e-05
1749260778,0.00001901,584454.00,2.1e-05
1749260778,0.00001900,60310723.00,2.1e-05
1749260778,0.00001899,13069398.00,2.1e-05
1749260778,0.00001894,477865.00,2.1e-05
1749260778,0.00001891,1322051.00,2.1e-05
1749261099,0.00002103,761496.00,2.103e-05
1749261099,0.00002102,16670635.00,2.103e-05
1749261099,0.00002101,89088646.00,2.103e-05
1749261099,0.00002100,213612982.00,2.103e-05
1749261099,0.00002099,280242300.00,2.103e-05
1749261099,0.00002098,99582840.00,2.103e-05
1749261099,0.00002097,186518736.00,2.103e-05
1749261099,0.00002096,30887939.00,2.103e-05
1749261099,0.00002095,114282402.00,2.103e-05
1749261099,0.00002094,33894219.00,2.103e-05
1749261099,0.00002093,58883393.00,2.103e-05
1749261099,0.00002092,25909052.00,2.103e-05
1749261099,0.00002091,25840010.00,2.103e-05
1749261099,0.00002090,67326710.00,2.103e-05
1749261099,0.00002089,20071684.00,2.103e-05
1749261099,0.00002088,205338543.00,2.103e-05
1749261099,0.00002087,20000000.00,2.103e-05
1749261099,0.00002086,45703635.00,2.103e-05
1749261099,0.00002085,46382413.00,2.103e-05
1749261099,0.00002084,116949864.00,2.103e-05
1749261099,0.00002083,147642701.00,2.103e-05
1749261099,0.00002082,52611547.00,2.103e-05
1749261099,0.00002081,35608668.00,2.103e-05
1749261099,0.00002080,30921064.00,2.103e-05
1749261099,0.00002075,53151622.00,2.103e-05
1749261099,0.00002072,110880037.00,2.103e-05
1749261099,0.00002070,16683743.00,2.103e-05
1749261099,0.00002064,387178.00,2.103e-05
1749261099,0.00002063,10066122.00,2.103e-05
1749261099,0.00002060,1138808.00,2.103e-05
1749261099,0.00002053,387178.00,2.103e-05
1749261099,0.00002050,1221687.00,2.103e-05
1749261099,0.00002048,660943.00,2.103e-05
1749261099,0.00002043,387178.00,2.103e-05
1749261099,0.00002039,294262.00,2.103e-05
1749261099,0.00002036,660943.00,2.103e-05
1749261099,0.00002035,477865.00,2.103e-05
1749261099,0.00002032,387178.00,2.103e-05
1749261099,0.00002028,749103.00,2.103e-05
1749261099,0.00002024,660943.00,2.103e-05
1749261099,0.00002022,19704433.00,2.103e-05
1749261099,0.00002021,387178.00,2.103e-05
1749261099,0.00002017,111262203.00,2.103e-05
1749261099,0.00002016,1192091.00,2.103e-05
1749261099,0.00002015,76494121.00,2.103e-05
1749261099,0.00002012,660943.00,2.103e-05
1749261099,0.00002011,865043.00,2.103e-05
1749261099,0.00002010,566373.00,2.103e-05
1749261099,0.00002008,60000000.00,2.103e-05
1749261099,0.00002005,1246882.00,2.103e-05
1749261099,0.00002002,6240334.00,2.103e-05
1749261099,0.00002000,42624568.00,2.103e-05
1749261099,0.00001999,916070.00,2.103e-05
1749261099,0.00001990,1903612.00,2.103e-05
1749261099,0.00001989,688837.00,2.103e-05
1749261099,0.00001987,1138808.00,2.103e-05
1749261099,0.00001985,287763.00,2.103e-05
1749261099,0.00001980,2777777.00,2.103e-05
1749261099,0.00001979,25652463.00,2.103e-05
1749261099,0.00001976,455466.00,2.103e-05
1749261099,0.00001975,660943.00,2.103e-05
1749261099,0.00001972,1450294.00,2.103e-05
1749261099,0.00001970,861760.00,2.103e-05
1749261099,0.00001968,387178.00,2.103e-05
1749261099,0.00001963,4548134.00,2.103e-05
1749261099,0.00001961,2714745.00,2.103e-05
1749261099,0.00001960,510204.00,2.103e-05
1749261099,0.00001958,387178.00,2.103e-05
1749261099,0.00001957,328676.00,2.103e-05
1749261099,0.00001951,24562793.00,2.103e-05
1749261099,0.00001950,27338972.00,2.103e-05
1749261099,0.00001949,25654181.00,2.103e-05
1749261099,0.00001947,23340103.00,2.103e-05
1749261099,0.00001940,993328.00,2.103e-05
1749261099,0.00001939,660943.00,2.103e-05
1749261099,0.00001936,516528.00,2.103e-05
1749261099,0.00001934,4255974.00,2.103e-05
1749261099,0.00001930,6479730.00,2.103e-05
1749261099,0.00001927,660943.00,2.103e-05
1749261099,0.00001924,262474.00,2.103e-05
1749261099,0.00001920,520833.00,2.103e-05
1749261099,0.00001918,271115.00,2.103e-05
1749261099,0.00001917,477865.00,2.103e-05
1749261099,0.00001916,2730121.00,2.103e-05
1749261099,0.00001915,660943.00,2.103e-05
1749261099,0.00001913,627287.00,2.103e-05
1749261099,0.00001911,9493459.00,2.103e-05
1749261099,0.00001910,668900.00,2.103e-05
1749261099,0.00001908,49456221.00,2.103e-05
1749261099,0.00001905,32112966.00,2.103e-05
1749261099,0.00001902,660943.00,2.103e-05
1749261099,0.00001901,584454.00,2.103e-05
1749261099,0.00001900,60310723.00,2.103e-05
1749261099,0.00001899,13069398.00,2.103e-05
1749261099,0.00001894,477865.00,2.103e-05
1749261099,0.00001891,1322051.00,2.103e-05
1749261099,0.00001890,2230882.00,2.103e-05
1749261099,0.00001885,297082.00,2.103e-05
1749261099,0.00001882,332717.00,2.103e-05
1749261099,0.00001880,1031914.00,2.103e-05
1749261412,0.00002101,21967229.00,2.102e-05
1749261412,0.00002100,169449663.00,2.102e-05
1749261412,0.00002099,171505457.00,2.102e-05
1749261412,0.00002098,299928550.00,2.102e-05
1749261412,0.00002097,41836408.00,2.102e-05
1749261412,0.00002096,30887939.00,2.102e-05
1749261412,0.00002095,198841463.00,2.102e-05
1749261412,0.00002094,61052148.00,2.102e-05
1749261412,0.00002093,102763520.00,2.102e-05
1749261412,0.00002092,25909052.00,2.102e-05
1749261412,0.00002091,35974824.00,2.102e-05
1749261412,0.00002090,72663557.00,2.102e-05
1749261412,0.00002089,20071684.00,2.102e-05
1749261412,0.00002088,251621350.00,2.102e-05
1749261412,0.00002087,20000000.00,2.102e-05
1749261412,0.00002086,45703635.00,2.102e-05
1749261412,0.00002085,46382413.00,2.102e-05
1749261412,0.00002084,116949864.00,2.102e-05
1749261412,0.00002083,147642701.00,2.102e-05
1749261412,0.00002082,26162827.00,2.102e-05
1749261412,0.00002081,25629615.00,2.102e-05
1749261412,0.00002080,30921064.00,2.102e-05
1749261412,0.00002076,36528249.00,2.102e-05
1749261412,0.00002075,53151622.00,2.102e-05
1749261412,0.00002072,110880037.00,2.102e-05
1749261412,0.00002070,16683743.00,2.102e-05
1749261412,0.00002064,387178.00,2.102e-05
1749261412,0.00002063,10066122.00,2.102e-05
1749261412,0.00002060,1138808.00,2.102e-05
1749261412,0.00002053,387178.00,2.102e-05
1749261412,0.00002050,1221687.00,2.102e-05
1749261412,0.00002048,660943.00,2.102e-05
1749261412,0.00002043,387178.00,2.102e-05
1749261412,0.00002039,294262.00,2.102e-05
1749261412,0.00002036,660943.00,2.102e-05
1749261412,0.00002035,477865.00,2.102e-05
1749261412,0.00002032,387178.00,2.102e-05
1749261412,0.00002028,749103.00,2.102e-05
1749261412,0.00002024,660943.00,2.102e-05
1749261412,0.00002022,19704433.00,2.102e-05
1749261412,0.00002021,387178.00,2.102e-05
1749261412,0.00002017,111262203.00,2.102e-05
1749261412,0.00002016,1192091.00,2.102e-05
1749261412,0.00002015,76494121.00,2.102e-05
1749261412,0.00002012,660943.00,2.102e-05
1749261412,0.00002011,865043.00,2.102e-05
1749261412,0.00002010,566373.00,2.102e-05
1749261412,0.00002008,60000000.00,2.102e-05
1749261412,0.00002005,1246882.00,2.102e-05
1749261412,0.00002002,668900.00,2.102e-05
1749261412,0.00002000,32624568.00,2.102e-05
1749261412,0.00001999,916070.00,2.102e-05
1749261412,0.00001990,1903612.00,2.102e-05
1749261412,0.00001989,688837.00,2.102e-05
1749261412,0.00001987,1138808.00,2.102e-05
1749261412,0.00001985,287763.00,2.102e-05
1749261412,0.00001980,2777777.00,2.102e-05
1749261412,0.00001979,25652463.00,2.102e-05
1749261412,0.00001976,455466.00,2.102e-05
1749261412,0.00001975,660943.00,2.102e-05
1749261412,0.00001972,1450294.00,2.102e-05
1749261412,0.00001970,861760.00,2.102e-05
1749261412,0.00001968,387178.00,2.102e-05
1749261412,0.00001963,4548134.00,2.102e-05
1749261412,0.00001961,2714745.00,2.102e-05
1749261412,0.00001960,510204.00,2.102e-05
1749261412,0.00001958,387178.00,2.102e-05
1749261412,0.00001957,328676.00,2.102e-05
1749261412,0.00001951,24562793.00,2.102e-05
1749261412,0.00001950,27338972.00,2.102e-05
1749261412,0.00001949,25654181.00,2.102e-05
1749261412,0.00001947,23340103.00,2.102e-05
1749261412,0.00001940,993328.00,2.102e-05
1749261412,0.00001939,660943.00,2.102e-05
1749261412,0.00001936,516528.00,2.102e-05
1749261412,0.00001934,4255974.00,2.102e-05
1749261412,0.00001930,6479730.00,2.102e-05
1749261412,0.00001927,660943.00,2.102e-05
1749261412,0.00001924,262474.00,2.102e-05
1749261412,0.00001920,520833.00,2.102e-05
1749261412,0.00001918,271115.00,2.102e-05
1749261412,0.00001917,477865.00,2.102e-05
1749261412,0.00001916,2730121.00,2.102e-05
1749261412,0.00001915,660943.00,2.102e-05
1749261412,0.00001913,627287.00,2.102e-05
1749261412,0.00001911,9493459.00,2.102e-05
1749261412,0.00001910,668900.00,2.102e-05
1749261412,0.00001908,49456221.00,2.102e-05
1749261412,0.00001905,32112966.00,2.102e-05
1749261412,0.00001902,660943.00,2.102e-05
1749261412,0.00001901,584454.00,2.102e-05
1749261412,0.00001900,60310723.00,2.102e-05
1749261412,0.00001899,13069398.00,2.102e-05
1749261412,0.00001894,477865.00,2.102e-05
1749261412,0.00001891,2475515.00,2.102e-05
1749261412,0.00001890,1076870.00,2.102e-05
1749261412,0.00001885,297082.00,2.102e-05
1749261412,0.00001882,332717.00,2.102e-05
1749261412,0.00001880,1031914.00,2.102e-05
1749261412,0.00001878,660943.00,2.102e-05
1749261728,0.00002099,12205000.00,2.1e-05
1749261728,0.00002098,41944594.00,2.1e-05
1749261728,0.00002097,185782391.00,2.1e-05
1749261728,0.00002096,259052216.00,2.1e-05
1749261728,0.00002095,125896572.00,2.1e-05
1749261728,0.00002094,92139307.00,2.1e-05
1749261728,0.00002093,103141667.00,2.1e-05
1749261728,0.00002092,370618109.00,2.1e-05
1749261728,0.00002091,58919076.00,2.1e-05
1749261728,0.00002090,39550857.00,2.1e-05
1749261728,0.00002089,20071684.00,2.1e-05
1749261728,0.00002088,32973336.00,2.1e-05
1749261728,0.00002087,20000000.00,2.1e-05
1749261728,0.00002086,62569571.00,2.1e-05
1749261728,0.00002085,67180245.00,2.1e-05
1749261728,0.00002084,91662222.00,2.1e-05
1749261728,0.00002083,122490170.00,2.1e-05
1749261728,0.00002082,172861937.00,2.1e-05
1749261728,0.00002081,25629615.00,2.1e-05
1749261728,0.00002080,56713162.00,2.1e-05
1749261728,0.00002079,25581458.00,2.1e-05
1749261728,0.00002078,25360658.00,2.1e-05
1749261728,0.00002077,25225192.00,2.1e-05
1749261728,0.00002076,62766691.00,2.1e-05
1749261728,0.00002075,53151622.00,2.1e-05
1749261728,0.00002072,110880037.00,2.1e-05
1749261728,0.00002070,16683743.00,2.1e-05
1749261728,0.00002064,387178.00,2.1e-05
1749261728,0.00002063,10066122.00,2.1e-05
1749261728,0.00002060,1138808.00,2.1e-05
1749261728,0.00002053,387178.00,2.1e-05
1749261728,0.00002050,1221687.00,2.1e-05
1749261728,0.00002048,660943.00,2.1e-05
1749261728,0.00002043,387178.00,2.1e-05
1749261728,0.00002039,294262.00,2.1e-05
1749261728,0.00002036,660943.00,2.1e-05
1749261728,0.00002035,477865.00,2.1e-05
1749261728,0.00002032,387178.00,2.1e-05
1749261728,0.00002028,749103.00,2.1e-05
1749261728,0.00002024,660943.00,2.1e-05
1749261728,0.00002022,19704433.00,2.1e-05
1749261728,0.00002021,387178.00,2.1e-05
1749261728,0.00002017,111262203.00,2.1e-05
1749261728,0.00002016,1192091.00,2.1e-05
1749261728,0.00002015,76494121.00,2.1e-05
1749261728,0.00002012,660943.00,2.1e-05
1749261728,0.00002011,865043.00,2.1e-05
1749261728,0.00002010,566373.00,2.1e-05
1749261728,0.00002008,60000000.00,2.1e-05
1749261728,0.00002005,1246882.00,2.1e-05
1749261728,0.00002002,668900.00,2.1e-05
1749261728,0.00002000,32624568.00,2.1e-05
1749261728,0.00001999,916070.00,2.1e-05
1749261728,0.00001990,1903612.00,2.1e-05
1749261728,0.00001989,688837.00,2.1e-05
1749261728,0.00001987,1138808.00,2.1e-05
1749261728,0.00001985,287763.00,2.1e-05
1749261728,0.00001980,2777777.00,2.1e-05
1749261728,0.00001979,25652463.00,2.1e-05
1749261728,0.00001976,455466.00,2.1e-05
1749261728,0.00001975,660943.00,2.1e-05
1749261728,0.00001972,1450294.00,2.1e-05
1749261728,0.00001970,861760.00,2.1e-05
1749261728,0.00001968,387178.00,2.1e-05
1749261728,0.00001963,4548134.00,2.1e-05
1749261728,0.00001961,2714745.00,2.1e-05
1749261728,0.00001960,510204.00,2.1e-05
1749261728,0.00001958,387178.00,2.1e-05
1749261728,0.00001957,328676.00,2.1e-05
1749261728,0.00001951,24562793.00,2.1e-05
1749261728,0.00001950,27338972.00,2.1e-05
1749261728,0.00001949,25654181.00,2.1e-05
1749261728,0.00001947,23340103.00,2.1e-05
1749261728,0.00001940,993328.00,2.1e-05
1749261728,0.00001939,660943.00,2.1e-05
1749261728,0.00001936,516528.00,2.1e-05
1749261728,0.00001934,4255974.00,2.1e-05
1749261728,0.00001930,6479730.00,2.1e-05
1749261728,0.00001927,660943.00,2.1e-05
1749261728,0.00001924,262474.00,2.1e-05
1749261728,0.00001920,520833.00,2.1e-05
1749261728,0.00001918,271115.00,2.1e-05
1749261728,0.00001917,477865.00,2.1e-05
1749261728,0.00001916,2730121.00,2.1e-05
1749261728,0.00001915,660943.00,2.1e-05
1749261728,0.00001913,627287.00,2.1e-05
1749261728,0.00001911,9493459.00,2.1e-05
1749261728,0.00001910,668900.00,2.1e-05
1749261728,0.00001908,49456221.00,2.1e-05
1749261728,0.00001905,32112966.00,2.1e-05
1749261728,0.00001902,660943.00,2.1e-05
1749261728,0.00001901,584454.00,2.1e-05
1749261728,0.00001900,60310723.00,2.1e-05
1749261728,0.00001899,13069398.00,2.1e-05
1749261728,0.00001894,477865.00,2.1e-05
1749261728,0.00001891,1322051.00,2.1e-05
1749261728,0.00001890,2231158.00,2.1e-05
1749261728,0.00001885,297082.00,2.1e-05
1749261728,0.00001882,332717.00,2.1e-05
1749261728,0.00001880,1031914.00,2.1e-05
1749262035,0.00002098,27218194.00,2.099e-05
1749262035,0.00002097,69564095.00,2.099e-05
1749262035,0.00002096,208325000.00,2.099e-05
1749262035,0.00002095,139270133.00,2.099e-05
1749262035,0.00002094,289760383.00,2.099e-05
1749262035,0.00002093,131318010.00,2.099e-05
1749262035,0.00002092,29875417.00,2.099e-05
1749262035,0.00002091,228853287.00,2.099e-05
1749262035,0.00002090,191214516.00,2.099e-05
1749262035,0.00002089,57650362.00,2.099e-05
1749262035,0.00002088,46553698.00,2.099e-05
1749262035,0.00002087,30157180.00,2.099e-05
1749262035,0.00002086,62569571.00,2.099e-05
1749262035,0.00002085,20874571.00,2.099e-05
1749262035,0.00002084,78814320.00,2.099e-05
1749262035,0.00002083,20009528.00,2.099e-05
1749262035,0.00002081,172945004.00,2.099e-05
1749262035,0.00002080,30599956.00,2.099e-05
1749262035,0.00002079,25581458.00,2.099e-05
1749262035,0.00002078,84720832.00,2.099e-05
1749262035,0.00002077,128001877.00,2.099e-05
1749262035,0.00002076,36241530.00,2.099e-05
1749262035,0.00002075,78855347.00,2.099e-05
1749262035,0.00002074,26188751.00,2.099e-05
1749262035,0.00002072,110880037.00,2.099e-05
1749262035,0.00002070,27036827.00,2.099e-05
1749262035,0.00002064,387178.00,2.099e-05
1749262035,0.00002063,20132244.00,2.099e-05
1749262035,0.00002060,7385006.00,2.099e-05
1749262035,0.00002053,387178.00,2.099e-05
1749262035,0.00002050,1221687.00,2.099e-05
1749262035,0.00002048,660943.00,2.099e-05
1749262035,0.00002043,387178.00,2.099e-05
1749262035,0.00002039,294262.00,2.099e-05
1749262035,0.00002036,660943.00,2.099e-05
1749262035,0.00002035,477865.00,2.099e-05
1749262035,0.00002032,387178.00,2.099e-05
1749262035,0.00002028,749103.00,2.099e-05
1749262035,0.00002024,660943.00,2.099e-05
1749262035,0.00002022,19704433.00,2.099e-05
1749262035,0.00002021,387178.00,2.099e-05
1749262035,0.00002017,111262203.00,2.099e-05
1749262035,0.00002016,1192091.00,2.099e-05
1749262035,0.00002015,76494121.00,2.099e-05
1749262035,0.00002012,660943.00,2.099e-05
1749262035,0.00002011,865043.00,2.099e-05
1749262035,0.00002010,566373.00,2.099e-05
1749262035,0.00002008,60000000.00,2.099e-05
1749262035,0.00002005,1246882.00,2.099e-05
1749262035,0.00002002,668900.00,2.099e-05
1749262035,0.00002000,32624568.00,2.099e-05
1749262035,0.00001999,916070.00,2.099e-05
1749262035,0.00001990,1903612.00,2.099e-05
1749262035,0.00001989,688837.00,2.099e-05
1749262035,0.00001987,1138808.00,2.099e-05
1749262035,0.00001985,287763.00,2.099e-05
1749262035,0.00001980,2777777.00,2.099e-05
1749262035,0.00001979,25652463.00,2.099e-05
1749262035,0.00001976,455466.00,2.099e-05
1749262035,0.00001975,660943.00,2.099e-05
1749262035,0.00001972,1450294.00,2.099e-05
1749262035,0.00001970,861760.00,2.099e-05
1749262035,0.00001968,387178.00,2.099e-05
1749262035,0.00001963,4548134.00,2.099e-05
1749262035,0.00001961,2714745.00,2.099e-05
1749262035,0.00001960,510204.00,2.099e-05
1749262035,0.00001958,387178.00,2.099e-05
1749262035,0.00001957,328676.00,2.099e-05
1749262035,0.00001951,24562793.00,2.099e-05
1749262035,0.00001950,27338972.00,2.099e-05
1749262035,0.00001949,25654181.00,2.099e-05
1749262035,0.00001947,23340103.00,2.099e-05
1749262035,0.00001940,993328.00,2.099e-05
1749262035,0.00001939,660943.00,2.099e-05
1749262035,0.00001936,516528.00,2.099e-05
1749262035,0.00001934,4255974.00,2.099e-05
1749262035,0.00001930,6479730.00,2.099e-05
1749262035,0.00001927,660943.00,2.099e-05
1749262035,0.00001924,262474.00,2.099e-05
1749262035,0.00001920,520833.00,2.099e-05
1749262035,0.00001918,271115.00,2.099e-05
1749262035,0.00001917,477865.00,2.099e-05
1749262035,0.00001916,2730121.00,2.099e-05
1749262035,0.00001915,660943.00,2.099e-05
1749262035,0.00001913,627287.00,2.099e-05
1749262035,0.00001911,9493459.00,2.099e-05
1749262035,0.00001910,668900.00,2.099e-05
1749262035,0.00001908,49456221.00,2.099e-05
1749262035,0.00001905,32112966.00,2.099e-05
1749262035,0.00001902,660943.00,2.099e-05
1749262035,0.00001901,584454.00,2.099e-05
1749262035,0.00001900,60310723.00,2.099e-05
1749262035,0.00001899,13069398.00,2.099e-05
1749262035,0.00001894,477865.00,2.099e-05
1749262035,0.00001891,1322051.00,2.099e-05
1749262035,0.00001890,2231158.00,2.099e-05
1749262035,0.00001885,297082.00,2.099e-05
1749262035,0.00001882,332717.00,2.099e-05
1749262035,0.00001880,1031914.00,2.099e-05
1749262035,0.00001878,660943.00,2.099e-05
1749262336,0.00002100,32231137.00,2.101e-05
1749262336,0.00002099,84231015.00,2.101e-05
1749262336,0.00002098,233957243.00,2.101e-05
1749262336,0.00002097,180541095.00,2.101e-05
1749262336,0.00002096,145303500.00,2.101e-05
1749262336,0.00002095,26498780.00,2.101e-05
1749262336,0.00002094,40049249.00,2.101e-05
1749262336,0.00002093,422664936.00,2.101e-05
1749262336,0.00002092,25909052.00,2.101e-05
1749262336,0.00002091,48784262.00,2.101e-05
1749262336,0.00002090,40178552.00,2.101e-05
1749262336,0.00002089,34684143.00,2.101e-05
1749262336,0.00002088,32973336.00,2.101e-05
1749262336,0.00002087,20000000.00,2.101e-05
1749262336,0.00002086,62569571.00,2.101e-05
1749262336,0.00002085,20874571.00,2.101e-05
1749262336,0.00002084,251510363.00,2.101e-05
1749262336,0.00002083,29979000.00,2.101e-05
1749262336,0.00002082,25542352.00,2.101e-05
1749262336,0.00002080,30599956.00,2.101e-05
1749262336,0.00002078,84720832.00,2.101e-05
1749262336,0.00002077,128001877.00,2.101e-05
1749262336,0.00002076,52763603.00,2.101e-05
1749262336,0.00002075,78855347.00,2.101e-05
1749262336,0.00002074,26188751.00,2.101e-05
1749262336,0.00002072,110880037.00,2.101e-05
1749262336,0.00002070,10466864.00,2.101e-05
1749262336,0.00002065,6231662.00,2.101e-05
1749262336,0.00002064,387178.00,2.101e-05
1749262336,0.00002063,10066122.00,2.101e-05
1749262336,0.00002060,1138808.00,2.101e-05
1749262336,0.00002053,387178.00,2.101e-05
1749262336,0.00002050,1221687.00,2.101e-05
1749262336,0.00002048,660943.00,2.101e-05
1749262336,0.00002043,387178.00,2.101e-05
1749262336,0.00002039,294262.00,2.101e-05
1749262336,0.00002036,660943.00,2.101e-05
1749262336,0.00002035,477865.00,2.101e-05
1749262336,0.00002032,387178.00,2.101e-05
1749262336,0.00002028,749103.00,2.101e-05
1749262336,0.00002024,660943.00,2.101e-05
1749262336,0.00002022,19704433.00,2.101e-05
1749262336,0.00002021,387178.00,2.101e-05
1749262336,0.00002017,111262203.00,2.101e-05
1749262336,0.00002016,1192091.00,2.101e-05
1749262336,0.00002015,76494121.00,2.101e-05
1749262336,0.00002012,660943.00,2.101e-05
1749262336,0.00002011,865043.00,2.101e-05
1749262336,0.00002010,566373.00,2.101e-05
1749262336,0.00002008,60000000.00,2.101e-05
1749262336,0.00002005,1246882.00,2.101e-05
1749262336,0.00002002,668900.00,2.101e-05
1749262336,0.00002000,42624568.00,2.101e-05
1749262336,0.00001999,916070.00,2.101e-05
1749262336,0.00001990,1903612.00,2.101e-05
1749262336,0.00001989,688837.00,2.101e-05
1749262336,0.00001987,1138808.00,2.101e-05
1749262336,0.00001985,287763.00,2.101e-05
1749262336,0.00001980,2777777.00,2.101e-05
1749262336,0.00001979,25652463.00,2.101e-05
1749262336,0.00001976,455466.00,2.101e-05
1749262336,0.00001975,660943.00,2.101e-05
1749262336,0.00001972,1450294.00,2.101e-05
1749262336,0.00001970,861760.00,2.101e-05
1749262336,0.00001968,387178.00,2.101e-05
1749262336,0.00001963,4548134.00,2.101e-05
1749262336,0.00001961,2714745.00,2.101e-05
1749262336,0.00001960,510204.00,2.101e-05
1749262336,0.00001958,387178.00,2.101e-05
1749262336,0.00001957,328676.00,2.101e-05
1749262336,0.00001951,24562793.00,2.101e-05
1749262336,0.00001950,27338972.00,2.101e-05
1749262336,0.00001949,25654181.00,2.101e-05
1749262336,0.00001947,23340103.00,2.101e-05
1749262336,0.00001940,993328.00,2.101e-05
1749262336,0.00001939,660943.00,2.101e-05
1749262336,0.00001936,516528.00,2.101e-05
1749262336,0.00001934,4255974.00,2.101e-05
1749262336,0.00001930,6479730.00,2.101e-05
1749262336,0.00001927,660943.00,2.101e-05
1749262336,0.00001924,262474.00,2.101e-05
1749262336,0.00001920,520833.00,2.101e-05
1749262336,0.00001918,271115.00,2.101e-05
1749262336,0.00001917,477865.00,2.101e-05
1749262336,0.00001916,2730121.00,2.101e-05
1749262336,0.00001915,660943.00,2.101e-05
1749262336,0.00001913,627287.00,2.101e-05
1749262336,0.00001911,9493459.00,2.101e-05
1749262336,0.00001910,668900.00,2.101e-05
1749262336,0.00001908,49456221.00,2.101e-05
1749262336,0.00001905,32112966.00,2.101e-05
1749262336,0.00001902,660943.00,2.101e-05
1749262336,0.00001901,584454.00,2.101e-05
1749262336,0.00001900,60310723.00,2.101e-05
1749262336,0.00001899,13069398.00,2.101e-05
1749262336,0.00001894,477865.00,2.101e-05
1749262336,0.00001891,1322051.00,2.101e-05
1749262336,0.00001890,2230610.00,2.101e-05
1749262336,0.00001885,297082.00,2.101e-05
1749262336,0.00001882,332717.00,2.101e-05
1749262638,0.00002104,2092922.00,2.105e-05
1749262638,0.00002103,28616260.00,2.105e-05
1749262638,0.00002102,147864173.00,2.105e-05
1749262638,0.00002101,407502936.00,2.105e-05
1749262638,0.00002100,206821298.00,2.105e-05
1749262638,0.00002099,129016915.00,2.105e-05
1749262638,0.00002098,90070443.00,2.105e-05
1749262638,0.00002097,60405062.00,2.105e-05
1749262638,0.00002096,30884200.00,2.105e-05
1749262638,0.00002095,208895626.00,2.105e-05
1749262638,0.00002094,34526677.00,2.105e-05
1749262638,0.00002093,79841193.00,2.105e-05
1749262638,0.00002092,25909052.00,2.105e-05
1749262638,0.00002091,20019065.00,2.105e-05
1749262638,0.00002090,71597697.00,2.105e-05
1749262638,0.00002089,63251263.00,2.105e-05
1749262638,0.00002088,205338543.00,2.105e-05
1749262638,0.00002087,20000000.00,2.105e-05
1749262638,0.00002086,45703635.00,2.105e-05
1749262638,0.00002085,20874571.00,2.105e-05
1749262638,0.00002084,116949864.00,2.105e-05
1749262638,0.00002083,157612173.00,2.105e-05
1749262638,0.00002082,25542352.00,2.105e-05
1749262638,0.00002081,25629615.00,2.105e-05
1749262638,0.00002080,57114777.00,2.105e-05
1749262638,0.00002079,26492960.00,2.105e-05
1749262638,0.00002076,10003088.00,2.105e-05
1749262638,0.00002075,53151622.00,2.105e-05
1749262638,0.00002072,110880037.00,2.105e-05
1749262638,0.00002070,6652003.00,2.105e-05
1749262638,0.00002064,387178.00,2.105e-05
1749262638,0.00002063,10066122.00,2.105e-05
1749262638,0.00002060,1138808.00,2.105e-05
1749262638,0.00002053,387178.00,2.105e-05
1749262638,0.00002050,1221687.00,2.105e-05
1749262638,0.00002048,660943.00,2.105e-05
1749262638,0.00002043,387178.00,2.105e-05
1749262638,0.00002039,294262.00,2.105e-05
1749262638,0.00002036,660943.00,2.105e-05
1749262638,0.00002035,477865.00,2.105e-05
1749262638,0.00002032,387178.00,2.105e-05
1749262638,0.00002028,749103.00,2.105e-05
1749262638,0.00002024,660943.00,2.105e-05
1749262638,0.00002022,19704433.00,2.105e-05
1749262638,0.00002021,387178.00,2.105e-05
1749262638,0.00002017,111262203.00,2.105e-05
1749262638,0.00002016,1192091.00,2.105e-05
1749262638,0.00002015,76494121.00,2.105e-05
1749262638,0.00002012,660943.00,2.105e-05
1749262638,0.00002011,865043.00,2.105e-05
1749262638,0.00002010,566373.00,2.105e-05
1749262638,0.00002008,60000000.00,2.105e-05
1749262638,0.00002005,1246882.00,2.105e-05
1749262638,0.00002002,668900.00,2.105e-05
1749262638,0.00002000,42624568.00,2.105e-05
1749262638,0.00001999,916070.00,2.105e-05
1749262638,0.00001990,1903612.00,2.105e-05
1749262638,0.00001989,688837.00,2.105e-05
1749262638,0.00001987,1138808.00,2.105e-05
1749262638,0.00001985,287763.00,2.105e-05
1749262638,0.00001980,2777777.00,2.105e-05
1749262638,0.00001979,25652463.00,2.105e-05
1749262638,0.00001976,455466.00,2.105e-05
1749262638,0.00001975,660943.00,2.105e-05
1749262638,0.00001972,1450294.00,2.105e-05
1749262638,0.00001970,861760.00,2.105e-05
1749262638,0.00001968,387178.00,2.105e-05
1749262638,0.00001963,4548134.00,2.105e-05
1749262638,0.00001961,2714745.00,2.105e-05
1749262638,0.00001960,510204.00,2.105e-05
1749262638,0.00001958,387178.00,2.105e-05
1749262638,0.00001957,328676.00,2.105e-05
1749262638,0.00001951,24562793.00,2.105e-05
1749262638,0.00001950,27338972.00,2.105e-05
1749262638,0.00001949,25654181.00,2.105e-05
1749262638,0.00001947,23340103.00,2.105e-05
1749262638,0.00001940,993328.00,2.105e-05
1749262638,0.00001939,660943.00,2.105e-05
1749262638,0.00001936,516528.00,2.105e-05
1749262638,0.00001934,4255974.00,2.105e-05
1749262638,0.00001930,6479730.00,2.105e-05
1749262638,0.00001927,660943.00,2.105e-05
1749262638,0.00001924,262474.00,2.105e-05
1749262638,0.00001920,520833.00,2.105e-05
1749262638,0.00001918,271115.00,2.105e-05
1749262638,0.00001917,477865.00,2.105e-05
1749262638,0.00001916,2730121.00,2.105e-05
1749262638,0.00001915,660943.00,2.105e-05
1749262638,0.00001913,627287.00,2.105e-05
1749262638,0.00001911,9493459.00,2.105e-05
1749262638,0.00001910,668900.00,2.105e-05
1749262638,0.00001908,49456221.00,2.105e-05
1749262638,0.00001905,32112966.00,2.105e-05
1749262638,0.00001902,660943.00,2.105e-05
1749262638,0.00001901,584454.00,2.105e-05
1749262638,0.00001900,60310723.00,2.105e-05
1749262638,0.00001899,13069398.00,2.105e-05
1749262638,0.00001894,477865.00,2.105e-05
1749262638,0.00001891,1322051.00,2.105e-05
1749262638,0.00001890,2230610.00,2.105e-05
1749262939,0.00002102,58030671.00,2.104e-05
1749262939,0.00002101,199134190.00,2.104e-05
1749262939,0.00002100,264196073.00,2.104e-05
1749262939,0.00002099,186159063.00,2.104e-05
1749262939,0.00002098,58336639.00,2.104e-05
1749262939,0.00002097,47590664.00,2.104e-05
1749262939,0.00002096,30889841.00,2.104e-05
1749262939,0.00002095,411408400.00,2.104e-05
1749262939,0.00002094,45697011.00,2.104e-05
1749262939,0.00002093,79841193.00,2.104e-05
1749262939,0.00002092,20047732.00,2.104e-05
1749262939,0.00002091,20019065.00,2.104e-05
1749262939,0.00002090,71597697.00,2.104e-05
1749262939,0.00002089,62813902.00,2.104e-05
1749262939,0.00002088,32973336.00,2.104e-05
1749262939,0.00002087,20000000.00,2.104e-05
1749262939,0.00002086,218234101.00,2.104e-05
1749262939,0.00002085,20874571.00,2.104e-05
1749262939,0.00002084,116949864.00,2.104e-05
1749262939,0.00002083,157612173.00,2.104e-05
1749262939,0.00002082,25542352.00,2.104e-05
1749262939,0.00002081,25629615.00,2.104e-05
1749262939,0.00002080,57114777.00,2.104e-05
1749262939,0.00002079,26492960.00,2.104e-05
1749262939,0.00002076,10003088.00,2.104e-05
1749262939,0.00002075,53151622.00,2.104e-05
1749262939,0.00002072,110880037.00,2.104e-05
1749262939,0.00002070,6652003.00,2.104e-05
1749262939,0.00002064,387178.00,2.104e-05
1749262939,0.00002063,10066122.00,2.104e-05
1749262939,0.00002060,1138808.00,2.104e-05
1749262939,0.00002053,387178.00,2.104e-05
1749262939,0.00002050,1221687.00,2.104e-05
1749262939,0.00002048,660943.00,2.104e-05
1749262939,0.00002043,387178.00,2.104e-05
1749262939,0.00002039,294262.00,2.104e-05
1749262939,0.00002036,660943.00,2.104e-05
1749262939,0.00002035,477865.00,2.104e-05
1749262939,0.00002032,387178.00,2.104e-05
1749262939,0.00002028,749103.00,2.104e-05
1749262939,0.00002024,660943.00,2.104e-05
1749262939,0.00002022,19704433.00,2.104e-05
1749262939,0.00002021,387178.00,2.104e-05
1749262939,0.00002017,111262203.00,2.104e-05
1749262939,0.00002016,1192091.00,2.104e-05
1749262939,0.00002015,76494121.00,2.104e-05
1749262939,0.00002012,660943.00,2.104e-05
1749262939,0.00002011,865043.00,2.104e-05
1749262939,0.00002010,566373.00,2.104e-05
1749262939,0.00002008,60000000.00,2.104e-05
1749262939,0.00002005,1246882.00,2.104e-05
1749262939,0.00002002,668900.00,2.104e-05
1749262939,0.00002000,42624568.00,2.104e-05
1749262939,0.00001999,916070.00,2.104e-05
1749262939,0.00001990,1903612.00,2.104e-05
1749262939,0.00001989,688837.00,2.104e-05
1749262939,0.00001987,1138808.00,2.104e-05
1749262939,0.00001985,287763.00,2.104e-05
1749262939,0.00001980,2777777.00,2.104e-05
1749262939,0.00001979,25652463.00,2.104e-05
1749262939,0.00001976,455466.00,2.104e-05
1749262939,0.00001975,660943.00,2.104e-05
1749262939,0.00001972,1450294.00,2.104e-05
1749262939,0.00001970,861760.00,2.104e-05
1749262939,0.00001968,387178.00,2.104e-05
1749262939,0.00001963,4548134.00,2.104e-05
1749262939,0.00001961,2714745.00,2.104e-05
1749262939,0.00001960,510204.00,2.104e-05
1749262939,0.00001958,387178.00,2.104e-05
1749262939,0.00001957,328676.00,2.104e-05
1749262939,0.00001951,24562793.00,2.104e-05
1749262939,0.00001950,27338972.00,2.104e-05
1749262939,0.00001949,25654181.00,2.104e-05
1749262939,0.00001947,23340103.00,2.104e-05
1749262939,0.00001940,993328.00,2.104e-05
1749262939,0.00001939,660943.00,2.104e-05
1749262939,0.00001936,516528.00,2.104e-05
1749262939,0.00001934,4255974.00,2.104e-05
1749262939,0.00001930,6479730.00,2.104e-05
1749262939,0.00001927,660943.00,2.104e-05
1749262939,0.00001924,262474.00,2.104e-05
1749262939,0.00001920,520833.00,2.104e-05
1749262939,0.00001918,271115.00,2.104e-05
1749262939,0.00001917,477865.00,2.104e-05
1749262939,0.00001916,2730121.00,2.104e-05
1749262939,0.00001915,660943.00,2.104e-05
1749262939,0.00001913,627287.00,2.104e-05
1749262939,0.00001911,9493459.00,2.104e-05
1749262939,0.00001910,668900.00,2.104e-05
1749262939,0.00001908,49456221.00,2.104e-05
1749262939,0.00001905,32112966.00,2.104e-05
1749262939,0.00001902,660943.00,2.104e-05
1749262939,0.00001901,584454.00,2.104e-05
1749262939,0.00001900,60310723.00,2.104e-05
1749262939,0.00001899,13069398.00,2.104e-05
1749262939,0.00001894,477865.00,2.104e-05
1749262939,0.00001893,1152368.00,2.104e-05
1749262939,0.00001891,1322051.00,2.104e-05
1749262939,0.00001890,1076870.00,2.104e-05
1749262939,0.00001885,297082.00,2.104e-05
1749263241,0.00002104,13742318.00,2.105e-05
1749263241,0.00002103,28927029.00,2.105e-05
1749263241,0.00002102,77254990.00,2.105e-05
1749263241,0.00002101,183314550.00,2.105e-05
1749263241,0.00002100,264890760.00,2.105e-05
1749263241,0.00002099,151281207.00,2.105e-05
1749263241,0.00002098,41697694.00,2.105e-05
1749263241,0.00002097,389413474.00,2.105e-05
1749263241,0.00002096,26941340.00,2.105e-05
1749263241,0.00002095,58899965.00,2.105e-05
1749263241,0.00002094,34528065.00,2.105e-05
1749263241,0.00002093,79841193.00,2.105e-05
1749263241,0.00002092,20047732.00,2.105e-05
1749263241,0.00002091,20019065.00,2.105e-05
1749263241,0.00002090,71597697.00,2.105e-05
1749263241,0.00002089,62813902.00,2.105e-05
1749263241,0.00002088,205338543.00,2.105e-05
1749263241,0.00002087,20000000.00,2.105e-05
1749263241,0.00002086,45703635.00,2.105e-05
1749263241,0.00002085,20874571.00,2.105e-05
1749263241,0.00002084,116949864.00,2.105e-05
1749263241,0.00002083,157612173.00,2.105e-05
1749263241,0.00002082,25542352.00,2.105e-05
1749263241,0.00002081,25629615.00,2.105e-05
1749263241,0.00002080,57114777.00,2.105e-05
1749263241,0.00002079,26492960.00,2.105e-05
1749263241,0.00002076,10003088.00,2.105e-05
1749263241,0.00002075,53151622.00,2.105e-05
1749263241,0.00002072,110880037.00,2.105e-05
1749263241,0.00002070,6652003.00,2.105e-05
1749263241,0.00002064,387178.00,2.105e-05
1749263241,0.00002063,10066122.00,2.105e-05
1749263241,0.00002060,1138808.00,2.105e-05
1749263241,0.00002053,387178.00,2.105e-05
1749263241,0.00002050,1221687.00,2.105e-05
1749263241,0.00002048,660943.00,2.105e-05
1749263241,0.00002043,387178.00,2.105e-05
1749263241,0.00002039,294262.00,2.105e-05
1749263241,0.00002036,660943.00,2.105e-05
1749263241,0.00002035,477865.00,2.105e-05
1749263241,0.00002032,387178.00,2.105e-05
1749263241,0.00002028,749103.00,2.105e-05
1749263241,0.00002024,660943.00,2.105e-05
1749263241,0.00002022,19704433.00,2.105e-05
1749263241,0.00002021,387178.00,2.105e-05
1749263241,0.00002017,111262203.00,2.105e-05
1749263241,0.00002016,1192091.00,2.105e-05
1749263241,0.00002015,76494121.00,2.105e-05
1749263241,0.00002012,660943.00,2.105e-05
1749263241,0.00002011,865043.00,2.105e-05
1749263241,0.00002010,566373.00,2.105e-05
1749263241,0.00002008,60000000.00,2.105e-05
1749263241,0.00002005,1246882.00,2.105e-05
1749263241,0.00002002,668900.00,2.105e-05
1749263241,0.00002000,42624568.00,2.105e-05
1749263241,0.00001999,916070.00,2.105e-05
1749263241,0.00001990,1903612.00,2.105e-05
1749263241,0.00001989,688837.00,2.105e-05
1749263241,0.00001987,1138808.00,2.105e-05
1749263241,0.00001985,287763.00,2.105e-05
1749263241,0.00001980,2777777.00,2.105e-05
1749263241,0.00001979,25652463.00,2.105e-05
1749263241,0.00001976,455466.00,2.105e-05
1749263241,0.00001975,660943.00,2.105e-05
1749263241,0.00001972,1450294.00,2.105e-05
1749263241,0.00001970,861760.00,2.105e-05
1749263241,0.00001968,387178.00,2.105e-05
1749263241,0.00001963,4548134.00,2.105e-05
1749263241,0.00001961,2714745.00,2.105e-05
1749263241,0.00001960,510204.00,2.105e-05
1749263241,0.00001958,387178.00,2.105e-05
1749263241,0.00001957,328676.00,2.105e-05
1749263241,0.00001951,24562793.00,2.105e-05
1749263241,0.00001950,27338972.00,2.105e-05
1749263241,0.00001949,25654181.00,2.105e-05
1749263241,0.00001947,23340103.00,2.105e-05
1749263241,0.00001940,993328.00,2.105e-05
1749263241,0.00001939,660943.00,2.105e-05
1749263241,0.00001936,516528.00,2.105e-05
1749263241,0.00001934,4255974.00,2.105e-05
1749263241,0.00001930,6479730.00,2.105e-05
1749263241,0.00001927,660943.00,2.105e-05
1749263241,0.00001924,262474.00,2.105e-05
1749263241,0.00001920,520833.00,2.105e-05
1749263241,0.00001918,271115.00,2.105e-05
1749263241,0.00001917,477865.00,2.105e-05
1749263241,0.00001916,2730121.00,2.105e-05
1749263241,0.00001915,660943.00,2.105e-05
1749263241,0.00001913,627287.00,2.105e-05
1749263241,0.00001911,9493459.00,2.105e-05
1749263241,0.00001910,668900.00,2.105e-05
1749263241,0.00001908,49456221.00,2.105e-05
1749263241,0.00001905,32112966.00,2.105e-05
1749263241,0.00001902,660943.00,2.105e-05
1749263241,0.00001901,584454.00,2.105e-05
1749263241,0.00001900,60310723.00,2.105e-05
1749263241,0.00001899,13069398.00,2.105e-05
1749263241,0.00001894,1629409.00,2.105e-05
1749263241,0.00001891,1322051.00,2.105e-05
1749263241,0.00001890,1076870.00,2.105e-05
1749263542,0.00002103,41974653.00,2.103e-05
1749263542,0.00002102,132863232.00,2.103e-05
1749263542,0.00002101,278065860.00,2.103e-05
1749263542,0.00002100,156269502.00,2.103e-05
1749263542,0.00002099,107103679.00,2.103e-05
1749263542,0.00002098,37730385.00,2.103e-05
1749263542,0.00002097,191112104.00,2.103e-05
1749263542,0.00002096,206058578.00,2.103e-05
1749263542,0.00002095,82181240.00,2.103e-05
1749263542,0.00002094,38354873.00,2.103e-05
1749263542,0.00002093,79841193.00,2.103e-05
1749263542,0.00002092,62757037.00,2.103e-05
1749263542,0.00002091,20019065.00,2.103e-05
1749263542,0.00002090,71597697.00,2.103e-05
1749263542,0.00002089,20071684.00,2.103e-05
1749263542,0.00002088,205338543.00,2.103e-05
1749263542,0.00002087,20000000.00,2.103e-05
1749263542,0.00002086,45703635.00,2.103e-05
1749263542,0.00002085,47919750.00,2.103e-05
1749263542,0.00002084,116964630.00,2.103e-05
1749263542,0.00002083,130544368.00,2.103e-05
1749263542,0.00002082,25542352.00,2.103e-05
1749263542,0.00002081,25629615.00,2.103e-05
1749263542,0.00002080,57114777.00,2.103e-05
1749263542,0.00002079,26492960.00,2.103e-05
1749263542,0.00002076,10003088.00,2.103e-05
1749263542,0.00002075,53151622.00,2.103e-05
1749263542,0.00002072,110880037.00,2.103e-05
1749263542,0.00002070,6652003.00,2.103e-05
1749263542,0.00002064,387178.00,2.103e-05
1749263542,0.00002063,10066122.00,2.103e-05
1749263542,0.00002060,1138808.00,2.103e-05
1749263542,0.00002053,387178.00,2.103e-05
1749263542,0.00002050,1221687.00,2.103e-05
1749263542,0.00002048,660943.00,2.103e-05
1749263542,0.00002043,387178.00,2.103e-05
1749263542,0.00002039,294262.00,2.103e-05
1749263542,0.00002036,660943.00,2.103e-05
1749263542,0.00002035,477865.00,2.103e-05
1749263542,0.00002032,387178.00,2.103e-05
1749263542,0.00002028,749103.00,2.103e-05
1749263542,0.00002024,660943.00,2.103e-05
1749263542,0.00002022,19704433.00,2.103e-05
1749263542,0.00002021,387178.00,2.103e-05
1749263542,0.00002017,111262203.00,2.103e-05
1749263542,0.00002016,1192091.00,2.103e-05
1749263542,0.00002015,76494121.00,2.103e-05
1749263542,0.00002012,660943.00,2.103e-05
1749263542,0.00002011,865043.00,2.103e-05
1749263542,0.00002010,566373.00,2.103e-05
1749263542,0.00002008,60000000.00,2.103e-05
1749263542,0.00002005,1246882.00,2.103e-05
1749263542,0.00002002,668900.00,2.103e-05
1749263542,0.00002000,42624568.00,2.103e-05
1749263542,0.00001999,916070.00,2.103e-05
1749263542,0.00001990,1903612.00,2.103e-05
1749263542,0.00001989,688837.00,2.103e-05
1749263542,0.00001987,1138808.00,2.103e-05
1749263542,0.00001985,287763.00,2.103e-05
1749263542,0.00001980,2777777.00,2.103e-05
1749263542,0.00001979,25652463.00,2.103e-05
1749263542,0.00001976,455466.00,2.103e-05
1749263542,0.00001975,660943.00,2.103e-05
1749263542,0.00001972,1450294.00,2.103e-05
1749263542,0.00001970,861760.00,2.103e-05
1749263542,0.00001968,387178.00,2.103e-05
1749263542,0.00001963,4548134.00,2.103e-05
1749263542,0.00001961,2714745.00,2.103e-05
1749263542,0.00001960,510204.00,2.103e-05
1749263542,0.00001958,387178.00,2.103e-05
1749263542,0.00001957,328676.00,2.103e-05
1749263542,0.00001951,24562793.00,2.103e-05
1749263542,0.00001950,27338972.00,2.103e-05
1749263542,0.00001949,25654181.00,2.103e-05
1749263542,0.00001947,23340103.00,2.103e-05
1749263542,0.00001940,993328.00,2.103e-05
1749263542,0.00001939,660943.00,2.103e-05
1749263542,0.00001936,516528.00,2.103e-05
1749263542,0.00001934,4255974.00,2.103e-05
1749263542,0.00001930,6479730.00,2.103e-05
1749263542,0.00001927,660943.00,2.103e-05
1749263542,0.00001924,262474.00,2.103e-05
1749263542,0.00001920,520833.00,2.103e-05
1749263542,0.00001918,271115.00,2.103e-05
1749263542,0.00001917,477865.00,2.103e-05
1749263542,0.00001916,2730121.00,2.103e-05
1749263542,0.00001915,660943.00,2.103e-05
1749263542,0.00001913,627287.00,2.103e-05
1749263542,0.00001911,9493459.00,2.103e-05
1749263542,0.00001910,668900.00,2.103e-05
1749263542,0.00001908,49456221.00,2.103e-05
1749263542,0.00001905,32112966.00,2.103e-05
1749263542,0.00001902,660943.00,2.103e-05
1749263542,0.00001901,584454.00,2.103e-05
1749263542,0.00001900,60310723.00,2.103e-05
1749263542,0.00001899,13069398.00,2.103e-05
1749263542,0.00001894,1629409.00,2.103e-05
1749263542,0.00001891,1322051.00,2.103e-05
1749263542,0.00001890,1076870.00,2.103e-05
1749263542,0.00001885,297082.00,2.103e-05
1749263844,0.00002104,24744007.00,2.105e-05
1749263844,0.00002103,92585387.00,2.105e-05
1749263844,0.00002102,201424010.00,2.105e-05
1749263844,0.00002101,204993518.00,2.105e-05
1749263844,0.00002100,291300755.00,2.105e-05
1749263844,0.00002099,25922486.00,2.105e-05
1749263844,0.00002098,37733184.00,2.105e-05
1749263844,0.00002097,382219334.00,2.105e-05
1749263844,0.00002096,38101254.00,2.105e-05
1749263844,0.00002095,49399224.00,2.105e-05
1749263844,0.00002094,47863467.00,2.105e-05
1749263844,0.00002093,79841193.00,2.105e-05
1749263844,0.00002092,62757037.00,2.105e-05
1749263844,0.00002091,20019065.00,2.105e-05
1749263844,0.00002090,243797962.00,2.105e-05
1749263844,0.00002089,20071684.00,2.105e-05
1749263844,0.00002088,32973336.00,2.105e-05
1749263844,0.00002087,20000000.00,2.105e-05
1749263844,0.00002086,45703635.00,2.105e-05
1749263844,0.00002085,47923147.00,2.105e-05
1749263844,0.00002084,116964630.00,2.105e-05
1749263844,0.00002083,130544368.00,2.105e-05
1749263844,0.00002082,25542352.00,2.105e-05
1749263844,0.00002081,25629615.00,2.105e-05
1749263844,0.00002080,57114777.00,2.105e-05
1749263844,0.00002079,26492960.00,2.105e-05
1749263844,0.00002076,10003088.00,2.105e-05
1749263844,0.00002075,53151622.00,2.105e-05
1749263844,0.00002072,110880037.00,2.105e-05
1749263844,0.00002070,6652003.00,2.105e-05
1749263844,0.00002064,387178.00,2.105e-05
1749263844,0.00002063,10066122.00,2.105e-05
1749263844,0.00002060,1138808.00,2.105e-05
1749263844,0.00002053,387178.00,2.105e-05
1749263844,0.00002050,1221687.00,2.105e-05
1749263844,0.00002048,660943.00,2.105e-05
1749263844,0.00002043,387178.00,2.105e-05
1749263844,0.00002039,294262.00,2.105e-05
1749263844,0.00002036,660943.00,2.105e-05
1749263844,0.00002035,477865.00,2.105e-05
1749263844,0.00002032,387178.00,2.105e-05
1749263844,0.00002028,749103.00,2.105e-05
1749263844,0.00002024,660943.00,2.105e-05
1749263844,0.00002022,19704433.00,2.105e-05
1749263844,0.00002021,387178.00,2.105e-05
1749263844,0.00002017,111262203.00,2.105e-05
1749263844,0.00002016,1192091.00,2.105e-05
1749263844,0.00002015,76494121.00,2.105e-05
1749263844,0.00002012,660943.00,2.105e-05
1749263844,0.00002011,865043.00,2.105e-05
1749263844,0.00002010,566373.00,2.105e-05
1749263844,0.00002008,60000000.00,2.105e-05
1749263844,0.00002005,1246882.00,2.105e-05
1749263844,0.00002002,668900.00,2.105e-05
1749263844,0.00002000,42624568.00,2.105e-05
1749263844,0.00001999,916070.00,2.105e-05
1749263844,0.00001990,1903612.00,2.105e-05
1749263844,0.00001989,688837.00,2.105e-05
1749263844,0.00001987,1138808.00,2.105e-05
1749263844,0.00001985,287763.00,2.105e-05
1749263844,0.00001980,2777777.00,2.105e-05
1749263844,0.00001979,25652463.00,2.105e-05
1749263844,0.00001976,455466.00,2.105e-05
1749263844,0.00001975,660943.00,2.105e-05
1749263844,0.00001972,1450294.00,2.105e-05
1749263844,0.00001970,861760.00,2.105e-05
1749263844,0.00001968,387178.00,2.105e-05
1749263844,0.00001963,4548134.00,2.105e-05
1749263844,0.00001961,2714745.00,2.105e-05
1749263844,0.00001960,510204.00,2.105e-05
1749263844,0.00001958,387178.00,2.105e-05
1749263844,0.00001957,328676.00,2.105e-05
1749263844,0.00001951,24562793.00,2.105e-05
1749263844,0.00001950,27338972.00,2.105e-05
1749263844,0.00001949,25654181.00,2.105e-05
1749263844,0.00001947,23340103.00,2.105e-05
1749263844,0.00001940,993328.00,2.105e-05
1749263844,0.00001939,660943.00,2.105e-05
1749263844,0.00001936,516528.00,2.105e-05
1749263844,0.00001934,4255974.00,2.105e-05
1749263844,0.00001930,6479730.00,2.105e-05
1749263844,0.00001927,660943.00,2.105e-05
1749263844,0.00001924,262474.00,2.105e-05
1749263844,0.00001920,520833.00,2.105e-05
1749263844,0.00001918,271115.00,2.105e-05
1749263844,0.00001917,477865.00,2.105e-05
1749263844,0.00001916,2730121.00,2.105e-05
1749263844,0.00001915,660943.00,2.105e-05
1749263844,0.00001913,627287.00,2.105e-05
1749263844,0.00001911,9493459.00,2.105e-05
1749263844,0.00001910,668900.00,2.105e-05
1749263844,0.00001908,49456221.00,2.105e-05
1749263844,0.00001905,32112966.00,2.105e-05
1749263844,0.00001902,660943.00,2.105e-05
1749263844,0.00001901,584454.00,2.105e-05
1749263844,0.00001900,60310723.00,2.105e-05
1749263844,0.00001899,13069398.00,2.105e-05
1749263844,0.00001894,477865.00,2.105e-05
1749263844,0.00001893,1152092.00,2.105e-05
1749263844,0.00001891,1322051.00,2.105e-05
1749264146,0.00002105,657260.00,2.106e-05
1749264146,0.00002104,28335246.00,2.106e-05
1749264146,0.00002103,148833780.00,2.106e-05
1749264146,0.00002102,230682317.00,2.106e-05
1749264146,0.00002101,119954168.00,2.106e-05
1749264146,0.00002100,241332954.00,2.106e-05
1749264146,0.00002099,37700124.00,2.106e-05
1749264146,0.00002098,25955546.00,2.106e-05
1749264146,0.00002097,402737071.00,2.106e-05
1749264146,0.00002096,61373473.00,2.106e-05
1749264146,0.00002095,49399224.00,2.106e-05
1749264146,0.00002094,47846553.00,2.106e-05
1749264146,0.00002093,35961066.00,2.106e-05
1749264146,0.00002092,62757037.00,2.106e-05
1749264146,0.00002091,20019065.00,2.106e-05
1749264146,0.00002090,71597697.00,2.106e-05
1749264146,0.00002089,20071684.00,2.106e-05
1749264146,0.00002088,205338543.00,2.106e-05
1749264146,0.00002087,71220335.00,2.106e-05
1749264146,0.00002086,52441948.00,2.106e-05
1749264146,0.00002085,47934404.00,2.106e-05
1749264146,0.00002084,84477272.00,2.106e-05
1749264146,0.00002083,110534840.00,2.106e-05
1749264146,0.00002081,46475193.00,2.106e-05
1749264146,0.00002080,30921064.00,2.106e-05
1749264146,0.00002079,26492960.00,2.106e-05
1749264146,0.00002078,109459434.00,2.106e-05
1749264146,0.00002076,10003088.00,2.106e-05
1749264146,0.00002075,58500707.00,2.106e-05
1749264146,0.00002073,6206938.00,2.106e-05
1749264146,0.00002072,660943.00,2.106e-05
1749264146,0.00002070,434782.00,2.106e-05
1749264146,0.00002064,387178.00,2.106e-05
1749264146,0.00002063,10066122.00,2.106e-05
1749264146,0.00002060,1138808.00,2.106e-05
1749264146,0.00002053,387178.00,2.106e-05
1749264146,0.00002050,1221687.00,2.106e-05
1749264146,0.00002048,660943.00,2.106e-05
1749264146,0.00002043,387178.00,2.106e-05
1749264146,0.00002039,294262.00,2.106e-05
1749264146,0.00002036,660943.00,2.106e-05
1749264146,0.00002035,477865.00,2.106e-05
1749264146,0.00002032,387178.00,2.106e-05
1749264146,0.00002028,749103.00,2.106e-05
1749264146,0.00002024,660943.00,2.106e-05
1749264146,0.00002022,19704433.00,2.106e-05
1749264146,0.00002021,387178.00,2.106e-05
1749264146,0.00002017,111262203.00,2.106e-05
1749264146,0.00002016,1192091.00,2.106e-05
1749264146,0.00002015,76494121.00,2.106e-05
1749264146,0.00002012,660943.00,2.106e-05
1749264146,0.00002011,865043.00,2.106e-05
1749264146,0.00002010,566373.00,2.106e-05
1749264146,0.00002008,60000000.00,2.106e-05
1749264146,0.00002005,1246882.00,2.106e-05
1749264146,0.00002002,668900.00,2.106e-05
1749264146,0.00002000,42624568.00,2.106e-05
1749264146,0.00001999,916070.00,2.106e-05
1749264146,0.00001990,1903612.00,2.106e-05
1749264146,0.00001989,688837.00,2.106e-05
1749264146,0.00001987,1138808.00,2.106e-05
1749264146,0.00001985,287763.00,2.106e-05
1749264146,0.00001980,2777777.00,2.106e-05
1749264146,0.00001979,25652463.00,2.106e-05
1749264146,0.00001976,455466.00,2.106e-05
1749264146,0.00001975,660943.00,2.106e-05
1749264146,0.00001972,1450294.00,2.106e-05
1749264146,0.00001970,861760.00,2.106e-05
1749264146,0.00001968,387178.00,2.106e-05
1749264146,0.00001963,4548134.00,2.106e-05
1749264146,0.00001961,2714745.00,2.106e-05
1749264146,0.00001960,510204.00,2.106e-05
1749264146,0.00001958,387178.00,2.106e-05
1749264146,0.00001957,328676.00,2.106e-05
1749264146,0.00001951,24562793.00,2.106e-05
1749264146,0.00001950,27338972.00,2.106e-05
1749264146,0.00001949,25654181.00,2.106e-05
1749264146,0.00001947,23340103.00,2.106e-05
1749264146,0.00001940,993328.00,2.106e-05
1749264146,0.00001939,660943.00,2.106e-05
1749264146,0.00001936,516528.00,2.106e-05
1749264146,0.00001934,4255974.00,2.106e-05
1749264146,0.00001930,6479730.00,2.106e-05
1749264146,0.00001927,660943.00,2.106e-05
1749264146,0.00001924,262474.00,2.106e-05
1749264146,0.00001920,520833.00,2.106e-05
1749264146,0.00001918,271115.00,2.106e-05
1749264146,0.00001917,477865.00,2.106e-05
1749264146,0.00001916,2730121.00,2.106e-05
1749264146,0.00001915,660943.00,2.106e-05
1749264146,0.00001913,627287.00,2.106e-05
1749264146,0.00001911,9493459.00,2.106e-05
1749264146,0.00001910,668900.00,2.106e-05
1749264146,0.00001908,49456221.00,2.106e-05
1749264146,0.00001905,32112966.00,2.106e-05
1749264146,0.00001902,660943.00,2.106e-05
1749264146,0.00001901,584454.00,2.106e-05
1749264146,0.00001900,60310723.00,2.106e-05
1749264146,0.00001899,13069398.00,2.106e-05
1749264146,0.00001894,477865.00,2.106e-05
1749264450,0.00002104,62472088.00,2.106e-05
1749264450,0.00002103,171249850.00,2.106e-05
1749264450,0.00002102,163301759.00,2.106e-05
1749264450,0.00002101,186121198.00,2.106e-05
1749264450,0.00002100,197816563.00,2.106e-05
1749264450,0.00002099,37700124.00,2.106e-05
1749264450,0.00002098,25955546.00,2.106e-05
1749264450,0.00002097,208947327.00,2.106e-05
1749264450,0.00002096,211379282.00,2.106e-05
1749264450,0.00002095,36002835.00,2.106e-05
1749264450,0.00002094,94985199.00,2.106e-05
1749264450,0.00002093,46097945.00,2.106e-05
1749264450,0.00002092,62757037.00,2.106e-05
1749264450,0.00002091,20019065.00,2.106e-05
1749264450,0.00002090,197589630.00,2.106e-05
1749264450,0.00002089,20071684.00,2.106e-05
1749264450,0.00002088,32973336.00,2.106e-05
1749264450,0.00002087,20000000.00,2.106e-05
1749264450,0.00002086,98742163.00,2.106e-05
1749264450,0.00002085,47934404.00,2.106e-05
1749264450,0.00002084,32472951.00,2.106e-05
1749264450,0.00002083,85382309.00,2.106e-05
1749264450,0.00002081,97843208.00,2.106e-05
1749264450,0.00002080,30921064.00,2.106e-05
1749264450,0.00002078,161613912.00,2.106e-05
1749264450,0.00002077,25225192.00,2.106e-05
1749264450,0.00002076,10003088.00,2.106e-05
1749264450,0.00002075,32245768.00,2.106e-05
1749264450,0.00002073,6206938.00,2.106e-05
1749264450,0.00002072,660943.00,2.106e-05
1749264450,0.00002071,52900216.00,2.106e-05
1749264450,0.00002070,434782.00,2.106e-05
1749264450,0.00002064,387178.00,2.106e-05
1749264450,0.00002063,10066122.00,2.106e-05
1749264450,0.00002060,1138808.00,2.106e-05
1749264450,0.00002053,387178.00,2.106e-05
1749264450,0.00002050,1221687.00,2.106e-05
1749264450,0.00002048,660943.00,2.106e-05
1749264450,0.00002043,387178.00,2.106e-05
1749264450,0.00002039,294262.00,2.106e-05
1749264450,0.00002036,660943.00,2.106e-05
1749264450,0.00002035,477865.00,2.106e-05
1749264450,0.00002032,387178.00,2.106e-05
1749264450,0.00002028,749103.00,2.106e-05
1749264450,0.00002024,660943.00,2.106e-05
1749264450,0.00002022,19704433.00,2.106e-05
1749264450,0.00002021,387178.00,2.106e-05
1749264450,0.00002017,111262203.00,2.106e-05
1749264450,0.00002016,1192091.00,2.106e-05
1749264450,0.00002015,76494121.00,2.106e-05
1749264450,0.00002012,660943.00,2.106e-05
1749264450,0.00002011,865043.00,2.106e-05
1749264450,0.00002010,566373.00,2.106e-05
1749264450,0.00002008,60000000.00,2.106e-05
1749264450,0.00002005,1246882.00,2.106e-05
1749264450,0.00002002,668900.00,2.106e-05
1749264450,0.00002000,42624568.00,2.106e-05
1749264450,0.00001999,916070.00,2.106e-05
1749264450,0.00001990,1903612.00,2.106e-05
1749264450,0.00001989,688837.00,2.106e-05
1749264450,0.00001987,1138808.00,2.106e-05
1749264450,0.00001985,287763.00,2.106e-05
1749264450,0.00001980,2777777.00,2.106e-05
1749264450,0.00001979,25652463.00,2.106e-05
1749264450,0.00001976,455466.00,2.106e-05
1749264450,0.00001975,660943.00,2.106e-05
1749264450,0.00001972,1450294.00,2.106e-05
1749264450,0.00001970,861760.00,2.106e-05
1749264450,0.00001968,387178.00,2.106e-05
1749264450,0.00001963,4548134.00,2.106e-05
1749264450,0.00001961,2714745.00,2.106e-05
1749264450,0.00001960,510204.00,2.106e-05
1749264450,0.00001958,387178.00,2.106e-05
1749264450,0.00001957,328676.00,2.106e-05
1749264450,0.00001951,24562793.00,2.106e-05
1749264450,0.00001950,27338972.00,2.106e-05
1749264450,0.00001949,25654181.00,2.106e-05
1749264450,0.00001947,23340103.00,2.106e-05
1749264450,0.00001940,993328.00,2.106e-05
1749264450,0.00001939,660943.00,2.106e-05
1749264450,0.00001936,516528.00,2.106e-05
1749264450,0.00001934,4255974.00,2.106e-05
1749264450,0.00001930,6479730.00,2.106e-05
1749264450,0.00001927,660943.00,2.106e-05
1749264450,0.00001924,262474.00,2.106e-05
1749264450,0.00001920,520833.00,2.106e-05
1749264450,0.00001918,271115.00,2.106e-05
1749264450,0.00001917,477865.00,2.106e-05
1749264450,0.00001916,2730121.00,2.106e-05
1749264450,0.00001915,660943.00,2.106e-05
1749264450,0.00001913,627287.00,2.106e-05
1749264450,0.00001911,9493459.00,2.106e-05
1749264450,0.00001910,668900.00,2.106e-05
1749264450,0.00001908,49456221.00,2.106e-05
1749264450,0.00001905,32112966.00,2.106e-05
1749264450,0.00001902,660943.00,2.106e-05
1749264450,0.00001901,584454.00,2.106e-05
1749264450,0.00001900,60310723.00,2.106e-05
1749264450,0.00001899,13069398.00,2.106e-05
1749264450,0.00001894,1629137.00,2.106e-05
1749264752,0.00002106,21385811.00,2.105e-05
1749264752,0.00002105,50547573.00,2.105e-05
1749264752,0.00002104,160515570.00,2.105e-05
1749264752,0.00002103,223359454.00,2.105e-05
1749264752,0.00002102,348239458.00,2.105e-05
1749264752,0.00002101,92459006.00,2.105e-05
1749264752,0.00002100,41647936.00,2.105e-05
1749264752,0.00002099,25922486.00,2.105e-05
1749264752,0.00002098,210351039.00,2.105e-05
1749264752,0.00002097,39439268.00,2.105e-05
1749264752,0.00002096,59754126.00,2.105e-05
1749264752,0.00002095,36617861.00,2.105e-05
1749264752,0.00002094,68257944.00,2.105e-05
1749264752,0.00002093,20023837.00,2.105e-05
1749264752,0.00002092,234792674.00,2.105e-05
1749264752,0.00002091,20019065.00,2.105e-05
1749264752,0.00002090,25389365.00,2.105e-05
1749264752,0.00002089,20071684.00,2.105e-05
1749264752,0.00002088,32973336.00,2.105e-05
1749264752,0.00002087,66283993.00,2.105e-05
1749264752,0.00002086,52441948.00,2.105e-05
1749264752,0.00002085,47934404.00,2.105e-05
1749264752,0.00002084,59174864.00,2.105e-05
1749264752,0.00002083,110534840.00,2.105e-05
1749264752,0.00002081,97843208.00,2.105e-05
1749264752,0.00002080,30921064.00,2.105e-05
1749264752,0.00002078,134834900.00,2.105e-05
1749264752,0.00002077,52747399.00,2.105e-05
1749264752,0.00002076,10003088.00,2.105e-05
1749264752,0.00002075,32245768.00,2.105e-05
1749264752,0.00002073,6206938.00,2.105e-05
1749264752,0.00002072,660943.00,2.105e-05
1749264752,0.00002070,434782.00,2.105e-05
1749264752,0.00002068,10041784.00,2.105e-05
1749264752,0.00002064,387178.00,2.105e-05
1749264752,0.00002060,1138808.00,2.105e-05
1749264752,0.00002053,387178.00,2.105e-05
1749264752,0.00002050,1221687.00,2.105e-05
1749264752,0.00002048,660943.00,2.105e-05
1749264752,0.00002043,387178.00,2.105e-05
1749264752,0.00002036,660943.00,2.105e-05
1749264752,0.00002035,477865.00,2.105e-05
1749264752,0.00002032,387178.00,2.105e-05
1749264752,0.00002028,749103.00,2.105e-05
1749264752,0.00002024,660943.00,2.105e-05
1749264752,0.00002022,19704433.00,2.105e-05
1749264752,0.00002021,387178.00,2.105e-05
1749264752,0.00002017,111262203.00,2.105e-05
1749264752,0.00002016,1192091.00,2.105e-05
1749264752,0.00002015,76494121.00,2.105e-05
1749264752,0.00002012,660943.00,2.105e-05
1749264752,0.00002011,865043.00,2.105e-05
1749264752,0.00002010,566373.00,2.105e-05
1749264752,0.00002008,60000000.00,2.105e-05
1749264752,0.00002005,1246882.00,2.105e-05
1749264752,0.00002002,668900.00,2.105e-05
1749264752,0.00002000,42624568.00,2.105e-05
1749264752,0.00001999,916070.00,2.105e-05
1749264752,0.00001990,1903612.00,2.105e-05
1749264752,0.00001989,688837.00,2.105e-05
1749264752,0.00001987,1138808.00,2.105e-05
1749264752,0.00001985,287763.00,2.105e-05
1749264752,0.00001980,2777777.00,2.105e-05
1749264752,0.00001979,25652463.00,2.105e-05
1749264752,0.00001975,660943.00,2.105e-05
1749264752,0.00001972,1450294.00,2.105e-05
1749264752,0.00001970,861760.00,2.105e-05
1749264752,0.00001968,387178.00,2.105e-05
1749264752,0.00001963,4548134.00,2.105e-05
1749264752,0.00001961,2714745.00,2.105e-05
1749264752,0.00001960,510204.00,2.105e-05
1749264752,0.00001958,387178.00,2.105e-05
1749264752,0.00001957,328676.00,2.105e-05
1749264752,0.00001951,24562793.00,2.105e-05
1749264752,0.00001950,27338972.00,2.105e-05
1749264752,0.00001949,25654181.00,2.105e-05
1749264752,0.00001947,23340103.00,2.105e-05
1749264752,0.00001940,993328.00,2.105e-05
1749264752,0.00001939,660943.00,2.105e-05
1749264752,0.00001936,516528.00,2.105e-05
1749264752,0.00001934,4255974.00,2.105e-05
1749264752,0.00001930,6479730.00,2.105e-05
1749264752,0.00001927,660943.00,2.105e-05
1749264752,0.00001924,262474.00,2.105e-05
1749264752,0.00001920,520833.00,2.105e-05
1749264752,0.00001918,271115.00,2.105e-05
1749264752,0.00001917,477865.00,2.105e-05
1749264752,0.00001916,2730121.00,2.105e-05
1749264752,0.00001915,660943.00,2.105e-05
1749264752,0.00001911,9493459.00,2.105e-05
1749264752,0.00001910,668900.00,2.105e-05
1749264752,0.00001908,49456221.00,2.105e-05
1749264752,0.00001905,32112966.00,2.105e-05
1749264752,0.00001902,660943.00,2.105e-05
1749264752,0.00001901,584454.00,2.105e-05
1749264752,0.00001900,60310723.00,2.105e-05
1749264752,0.00001899,13069398.00,2.105e-05
1749264752,0.00001894,1629137.00,2.105e-05
1749264752,0.00001891,1322051.00,2.105e-05
1749264752,0.00001890,1076870.00,2.105e-05
1749265054,0.00002113,7454000.00,2.113e-05
1749265054,0.00002112,21581761.00,2.113e-05
1749265054,0.00002111,62629213.00,2.113e-05
1749265054,0.00002110,120856957.00,2.113e-05
1749265054,0.00002109,234130689.00,2.113e-05
1749265054,0.00002108,130137122.00,2.113e-05
1749265054,0.00002107,113063949.00,2.113e-05
1749265054,0.00002106,161142313.00,2.113e-05
1749265054,0.00002105,25736826.00,2.113e-05
1749265054,0.00002104,186888675.00,2.113e-05
1749265054,0.00002103,38598575.00,2.113e-05
1749265054,0.00002102,71928724.00,2.113e-05
1749265054,0.00002101,35826881.00,2.113e-05
1749265054,0.00002100,25931974.00,2.113e-05
1749265054,0.00002099,30057031.00,2.113e-05
1749265054,0.00002098,106657776.00,2.113e-05
1749265054,0.00002097,20000000.00,2.113e-05
1749265054,0.00002096,192750685.00,2.113e-05
1749265054,0.00002095,20600800.00,2.113e-05
1749265054,0.00002094,20004763.00,2.113e-05
1749265054,0.00002093,117248650.00,2.113e-05
1749265054,0.00002092,20047732.00,2.113e-05
1749265054,0.00002091,58767485.00,2.113e-05
1749265054,0.00002090,89017739.00,2.113e-05
1749265054,0.00002089,88499028.00,2.113e-05
1749265054,0.00002088,22947466.00,2.113e-05
1749265054,0.00002087,46341580.00,2.113e-05
1749265054,0.00002086,58494320.00,2.113e-05
1749265054,0.00002085,10824952.00,2.113e-05
1749265054,0.00002084,78465883.00,2.113e-05
1749265054,0.00002083,52595462.00,2.113e-05
1749265054,0.00002082,31751477.00,2.113e-05
1749265054,0.00002081,31834073.00,2.113e-05
1749265054,0.00002080,4807858.00,2.113e-05
1749265054,0.00002075,387178.00,2.113e-05
1749265054,0.00002073,6206938.00,2.113e-05
1749265054,0.00002072,660943.00,2.113e-05
1749265054,0.00002070,434782.00,2.113e-05
1749265054,0.00002068,10041784.00,2.113e-05
1749265054,0.00002064,387178.00,2.113e-05
1749265054,0.00002060,1138808.00,2.113e-05
1749265054,0.00002053,387178.00,2.113e-05
1749265054,0.00002050,1221687.00,2.113e-05
1749265054,0.00002048,660943.00,2.113e-05
1749265054,0.00002043,387178.00,2.113e-05
1749265054,0.00002036,660943.00,2.113e-05
1749265054,0.00002035,477865.00,2.113e-05
1749265054,0.00002032,387178.00,2.113e-05
1749265054,0.00002028,749103.00,2.113e-05
1749265054,0.00002024,660943.00,2.113e-05
1749265054,0.00002022,19704433.00,2.113e-05
1749265054,0.00002021,387178.00,2.113e-05
1749265054,0.00002017,111262203.00,2.113e-05
1749265054,0.00002016,1192091.00,2.113e-05
1749265054,0.00002015,76494121.00,2.113e-05
1749265054,0.00002012,660943.00,2.113e-05
1749265054,0.00002011,865043.00,2.113e-05
1749265054,0.00002010,566373.00,2.113e-05
1749265054,0.00002008,60000000.00,2.113e-05
1749265054,0.00002005,1246882.00,2.113e-05
1749265054,0.00002002,668900.00,2.113e-05
1749265054,0.00002000,42624568.00,2.113e-05
1749265054,0.00001999,916070.00,2.113e-05
1749265054,0.00001990,1903612.00,2.113e-05
1749265054,0.00001989,688837.00,2.113e-05
1749265054,0.00001987,1138808.00,2.113e-05
1749265054,0.00001985,287763.00,2.113e-05
1749265054,0.00001980,2777777.00,2.113e-05
1749265054,0.00001979,25652463.00,2.113e-05
1749265054,0.00001975,660943.00,2.113e-05
1749265054,0.00001972,1450294.00,2.113e-05
1749265054,0.00001970,861760.00,2.113e-05
1749265054,0.00001968,387178.00,2.113e-05
1749265054,0.00001963,4548134.00,2.113e-05
1749265054,0.00001961,2714745.00,2.113e-05
1749265054,0.00001960,510204.00,2.113e-05
1749265054,0.00001958,387178.00,2.113e-05
1749265054,0.00001957,328676.00,2.113e-05
1749265054,0.00001951,24562793.00,2.113e-05
1749265054,0.00001950,27338972.00,2.113e-05
1749265054,0.00001949,25654181.00,2.113e-05
1749265054,0.00001947,23340103.00,2.113e-05
1749265054,0.00001940,993328.00,2.113e-05
1749265054,0.00001939,660943.00,2.113e-05
1749265054,0.00001936,516528.00,2.113e-05
1749265054,0.00001934,4255974.00,2.113e-05
1749265054,0.00001930,6479730.00,2.113e-05
1749265054,0.00001927,660943.00,2.113e-05
1749265054,0.00001924,262474.00,2.113e-05
1749265054,0.00001920,520833.00,2.113e-05
1749265054,0.00001918,271115.00,2.113e-05
1749265054,0.00001917,477865.00,2.113e-05
1749265054,0.00001916,2730121.00,2.113e-05
1749265054,0.00001915,660943.00,2.113e-05
1749265054,0.00001911,9493459.00,2.113e-05
1749265054,0.00001910,668900.00,2.113e-05
1749265054,0.00001908,49456221.00,2.113e-05
1749265054,0.00001905,32112966.00,2.113e-05
1749265054,0.00001902,660943.00,2.113e-05
1749265054,0.00001901,1731642.00,2.113e-05
1749265365,0.00002111,29047011.00,2.112e-05
1749265365,0.00002110,142678710.00,2.112e-05
1749265365,0.00002109,165757629.00,2.112e-05
1749265365,0.00002108,102133849.00,2.112e-05
1749265365,0.00002107,94676285.00,2.112e-05
1749265365,0.00002106,25775155.00,2.112e-05
1749265365,0.00002105,37494900.00,2.112e-05
1749265365,0.00002104,175780786.00,2.112e-05
1749265365,0.00002103,214744897.00,2.112e-05
1749265365,0.00002102,102272124.00,2.112e-05
1749265365,0.00002101,35826881.00,2.112e-05
1749265365,0.00002100,58872881.00,2.112e-05
1749265365,0.00002099,19957234.00,2.112e-05
1749265365,0.00002098,62884975.00,2.112e-05
1749265365,0.00002097,20000000.00,2.112e-05
1749265365,0.00002096,192750685.00,2.112e-05
1749265365,0.00002095,66725982.00,2.112e-05
1749265365,0.00002094,20004763.00,2.112e-05
1749265365,0.00002093,71097339.00,2.112e-05
1749265365,0.00002092,20047732.00,2.112e-05
1749265365,0.00002091,58767485.00,2.112e-05
1749265365,0.00002090,42339964.00,2.112e-05
1749265365,0.00002089,88499028.00,2.112e-05
1749265365,0.00002088,22947466.00,2.112e-05
1749265365,0.00002087,46341580.00,2.112e-05
1749265365,0.00002086,85168182.00,2.112e-05
1749265365,0.00002085,865043.00,2.112e-05
1749265365,0.00002084,78465883.00,2.112e-05
1749265365,0.00002083,52595462.00,2.112e-05
1749265365,0.00002082,31751477.00,2.112e-05
1749265365,0.00002081,31834073.00,2.112e-05
1749265365,0.00002080,14791709.00,2.112e-05
1749265365,0.00002078,6192895.00,2.112e-05
1749265365,0.00002075,387178.00,2.112e-05
1749265365,0.00002072,660943.00,2.112e-05
1749265365,0.00002070,434782.00,2.112e-05
1749265365,0.00002068,10041784.00,2.112e-05
1749265365,0.00002064,387178.00,2.112e-05
1749265365,0.00002060,1138808.00,2.112e-05
1749265365,0.00002053,387178.00,2.112e-05
1749265365,0.00002050,1221687.00,2.112e-05
1749265365,0.00002048,660943.00,2.112e-05
1749265365,0.00002043,387178.00,2.112e-05
1749265365,0.00002036,660943.00,2.112e-05
1749265365,0.00002035,477865.00,2.112e-05
1749265365,0.00002032,387178.00,2.112e-05
1749265365,0.00002028,749103.00,2.112e-05
1749265365,0.00002024,660943.00,2.112e-05
1749265365,0.00002022,19704433.00,2.112e-05
1749265365,0.00002021,387178.00,2.112e-05
1749265365,0.00002017,111262203.00,2.112e-05
1749265365,0.00002016,1192091.00,2.112e-05
1749265365,0.00002015,76494121.00,2.112e-05
1749265365,0.00002012,660943.00,2.112e-05
1749265365,0.00002011,865043.00,2.112e-05
1749265365,0.00002010,566373.00,2.112e-05
1749265365,0.00002008,60000000.00,2.112e-05
1749265365,0.00002005,1246882.00,2.112e-05
1749265365,0.00002002,668900.00,2.112e-05
1749265365,0.00002000,42624568.00,2.112e-05
1749265365,0.00001999,916070.00,2.112e-05
1749265365,0.00001990,1903612.00,2.112e-05
1749265365,0.00001989,688837.00,2.112e-05
1749265365,0.00001987,1138808.00,2.112e-05
1749265365,0.00001985,287763.00,2.112e-05
1749265365,0.00001980,2777777.00,2.112e-05
1749265365,0.00001979,25652463.00,2.112e-05
1749265365,0.00001975,660943.00,2.112e-05
1749265365,0.00001972,1450294.00,2.112e-05
1749265365,0.00001970,861760.00,2.112e-05
1749265365,0.00001968,387178.00,2.112e-05
1749265365,0.00001963,4548134.00,2.112e-05
1749265365,0.00001961,2714745.00,2.112e-05
1749265365,0.00001960,510204.00,2.112e-05
1749265365,0.00001958,387178.00,2.112e-05
1749265365,0.00001957,328676.00,2.112e-05
1749265365,0.00001951,24562793.00,2.112e-05
1749265365,0.00001950,27338972.00,2.112e-05
1749265365,0.00001949,25654181.00,2.112e-05
1749265365,0.00001947,23340103.00,2.112e-05
1749265365,0.00001940,993328.00,2.112e-05
1749265365,0.00001939,660943.00,2.112e-05
1749265365,0.00001936,516528.00,2.112e-05
1749265365,0.00001934,4255974.00,2.112e-05
1749265365,0.00001930,6479730.00,2.112e-05
1749265365,0.00001927,660943.00,2.112e-05
1749265365,0.00001924,262474.00,2.112e-05
1749265365,0.00001920,520833.00,2.112e-05
1749265365,0.00001918,271115.00,2.112e-05
1749265365,0.00001917,477865.00,2.112e-05
1749265365,0.00001916,2730121.00,2.112e-05
1749265365,0.00001915,660943.00,2.112e-05
1749265365,0.00001911,9493459.00,2.112e-05
1749265365,0.00001910,668900.00,2.112e-05
1749265365,0.00001908,49456221.00,2.112e-05
1749265365,0.00001905,32112966.00,2.112e-05
1749265365,0.00001902,660943.00,2.112e-05
1749265365,0.00001901,584454.00,2.112e-05
1749265365,0.00001900,61458451.00,2.112e-05
1749265365,0.00001899,13069398.00,2.112e-05
1749265667,0.00002112,2775947.00,2.114e-05
1749265667,0.00002111,88577502.00,2.114e-05
1749265667,0.00002110,240886153.00,2.114e-05
1749265667,0.00002109,106486469.00,2.114e-05
1749265667,0.00002108,194413760.00,2.114e-05
1749265667,0.00002107,34463190.00,2.114e-05
1749265667,0.00002106,52544479.00,2.114e-05
1749265667,0.00002105,25736826.00,2.114e-05
1749265667,0.00002104,363450596.00,2.114e-05
1749265667,0.00002103,62381190.00,2.114e-05
1749265667,0.00002102,48717142.00,2.114e-05
1749265667,0.00002101,69651960.00,2.114e-05
1749265667,0.00002100,30061710.00,2.114e-05
1749265667,0.00002099,19957234.00,2.114e-05
1749265667,0.00002098,62909679.00,2.114e-05
1749265667,0.00002097,191625443.00,2.114e-05
1749265667,0.00002096,21043360.00,2.114e-05
1749265667,0.00002095,66725982.00,2.114e-05
1749265667,0.00002094,46576719.00,2.114e-05
1749265667,0.00002093,138851317.00,2.114e-05
1749265667,0.00002092,20047732.00,2.114e-05
1749265667,0.00002091,38748420.00,2.114e-05
1749265667,0.00002090,42339964.00,2.114e-05
1749265667,0.00002089,114574189.00,2.114e-05
1749265667,0.00002088,22947466.00,2.114e-05
1749265667,0.00002087,20785648.00,2.114e-05
1749265667,0.00002086,26038096.00,2.114e-05
1749265667,0.00002085,865043.00,2.114e-05
1749265667,0.00002084,78465883.00,2.114e-05
1749265667,0.00002083,26445192.00,2.114e-05
1749265667,0.00002082,31751477.00,2.114e-05
1749265667,0.00002081,31834073.00,2.114e-05
1749265667,0.00002080,4807858.00,2.114e-05
1749265667,0.00002076,10003088.00,2.114e-05
1749265667,0.00002075,387178.00,2.114e-05
1749265667,0.00002073,6206938.00,2.114e-05
1749265667,0.00002072,660943.00,2.114e-05
1749265667,0.00002070,434782.00,2.114e-05
1749265667,0.00002064,387178.00,2.114e-05
1749265667,0.00002060,1138808.00,2.114e-05
1749265667,0.00002053,387178.00,2.114e-05
1749265667,0.00002050,1221687.00,2.114e-05
1749265667,0.00002048,660943.00,2.114e-05
1749265667,0.00002043,387178.00,2.114e-05
1749265667,0.00002036,660943.00,2.114e-05
1749265667,0.00002035,477865.00,2.114e-05
1749265667,0.00002032,387178.00,2.114e-05
1749265667,0.00002028,749103.00,2.114e-05
1749265667,0.00002024,660943.00,2.114e-05
1749265667,0.00002022,19704433.00,2.114e-05
1749265667,0.00002021,387178.00,2.114e-05
1749265667,0.00002017,111262203.00,2.114e-05
1749265667,0.00002016,1192091.00,2.114e-05
1749265667,0.00002015,76494121.00,2.114e-05
1749265667,0.00002012,660943.00,2.114e-05
1749265667,0.00002011,865043.00,2.114e-05
1749265667,0.00002010,566373.00,2.114e-05
1749265667,0.00002008,60000000.00,2.114e-05
1749265667,0.00002005,1246882.00,2.114e-05
1749265667,0.00002002,668900.00,2.114e-05
1749265667,0.00002000,42624568.00,2.114e-05
1749265667,0.00001999,916070.00,2.114e-05
1749265667,0.00001990,1903612.00,2.114e-05
1749265667,0.00001989,688837.00,2.114e-05
1749265667,0.00001987,1138808.00,2.114e-05
1749265667,0.00001985,287763.00,2.114e-05
1749265667,0.00001980,2777777.00,2.114e-05
1749265667,0.00001979,25652463.00,2.114e-05
1749265667,0.00001975,660943.00,2.114e-05
1749265667,0.00001972,1450294.00,2.114e-05
1749265667,0.00001970,861760.00,2.114e-05
1749265667,0.00001968,387178.00,2.114e-05
1749265667,0.00001963,4548134.00,2.114e-05
1749265667,0.00001961,2714745.00,2.114e-05
1749265667,0.00001960,510204.00,2.114e-05
1749265667,0.00001958,387178.00,2.114e-05
1749265667,0.00001957,328676.00,2.114e-05
1749265667,0.00001951,24562793.00,2.114e-05
1749265667,0.00001950,27338972.00,2.114e-05
1749265667,0.00001949,25654181.00,2.114e-05
1749265667,0.00001947,23340103.00,2.114e-05
1749265667,0.00001940,993328.00,2.114e-05
1749265667,0.00001939,660943.00,2.114e-05
1749265667,0.00001936,516528.00,2.114e-05
1749265667,0.00001934,4255974.00,2.114e-05
1749265667,0.00001930,6479730.00,2.114e-05
1749265667,0.00001927,660943.00,2.114e-05
1749265667,0.00001924,262474.00,2.114e-05
1749265667,0.00001920,520833.00,2.114e-05
1749265667,0.00001918,271115.00,2.114e-05
1749265667,0.00001917,477865.00,2.114e-05
1749265667,0.00001916,2730121.00,2.114e-05
1749265667,0.00001915,660943.00,2.114e-05
1749265667,0.00001911,9493459.00,2.114e-05
1749265667,0.00001910,668900.00,2.114e-05
1749265667,0.00001908,49456221.00,2.114e-05
1749265667,0.00001905,32112966.00,2.114e-05
1749265667,0.00001902,660943.00,2.114e-05
1749265667,0.00001901,584454.00,2.114e-05
1749265667,0.00001900,61458451.00,2.114e-05
1749265969,0.00002115,253407076.00,2.115e-05
1749265969,0.00002114,79998412.00,2.115e-05
1749265969,0.00002113,200321133.00,2.115e-05
1749265969,0.00002112,121839411.00,2.115e-05
1749265969,0.00002111,98947837.00,2.115e-05
1749265969,0.00002110,35426372.00,2.115e-05
1749265969,0.00002109,29513065.00,2.115e-05
1749265969,0.00002108,187466831.00,2.115e-05
1749265969,0.00002107,270417438.00,2.115e-05
1749265969,0.00002106,63600624.00,2.115e-05
1749265969,0.00002105,25736826.00,2.115e-05
1749265969,0.00002104,45306577.00,2.115e-05
1749265969,0.00002103,35219063.00,2.115e-05
1749265969,0.00002102,25892960.00,2.115e-05
1749265969,0.00002101,62450556.00,2.115e-05
1749265969,0.00002100,264103306.00,2.115e-05
1749265969,0.00002099,45309093.00,2.115e-05
1749265969,0.00002098,19990480.00,2.115e-05
1749265969,0.00002097,46904985.00,2.115e-05
1749265969,0.00002096,57940553.00,2.115e-05
1749265969,0.00002095,108846370.00,2.115e-05
1749265969,0.00002094,20004763.00,2.115e-05
1749265969,0.00002093,61053477.00,2.115e-05
1749265969,0.00002092,58331521.00,2.115e-05
1749265969,0.00002091,11766233.00,2.115e-05
1749265969,0.00002090,5336847.00,2.115e-05
1749265969,0.00002089,52444398.00,2.115e-05
1749265969,0.00002088,54607703.00,2.115e-05
1749265969,0.00002085,865043.00,2.115e-05
1749265969,0.00002084,78465883.00,2.115e-05
1749265969,0.00002081,31834073.00,2.115e-05
1749265969,0.00002080,4807858.00,2.115e-05
1749265969,0.00002078,6193205.00,2.115e-05
1749265969,0.00002076,10003088.00,2.115e-05
1749265969,0.00002075,387178.00,2.115e-05
1749265969,0.00002072,660943.00,2.115e-05
1749265969,0.00002070,434782.00,2.115e-05
1749265969,0.00002064,387178.00,2.115e-05
1749265969,0.00002060,1138808.00,2.115e-05
1749265969,0.00002053,387178.00,2.115e-05
1749265969,0.00002050,1221687.00,2.115e-05
1749265969,0.00002048,660943.00,2.115e-05
1749265969,0.00002043,387178.00,2.115e-05
1749265969,0.00002036,660943.00,2.115e-05
1749265969,0.00002035,477865.00,2.115e-05
1749265969,0.00002032,387178.00,2.115e-05
1749265969,0.00002028,749103.00,2.115e-05
1749265969,0.00002024,660943.00,2.115e-05
1749265969,0.00002022,19704433.00,2.115e-05
1749265969,0.00002021,387178.00,2.115e-05
1749265969,0.00002017,111262203.00,2.115e-05
1749265969,0.00002016,1192091.00,2.115e-05
1749265969,0.00002015,76494121.00,2.115e-05
1749265969,0.00002012,660943.00,2.115e-05
1749265969,0.00002011,865043.00,2.115e-05
1749265969,0.00002010,566373.00,2.115e-05
1749265969,0.00002008,60000000.00,2.115e-05
1749265969,0.00002005,1246882.00,2.115e-05
1749265969,0.00002002,668900.00,2.115e-05
1749265969,0.00002000,42624568.00,2.115e-05
1749265969,0.00001999,916070.00,2.115e-05
1749265969,0.00001990,1903612.00,2.115e-05
1749265969,0.00001989,688837.00,2.115e-05
1749265969,0.00001987,1138808.00,2.115e-05
1749265969,0.00001985,287763.00,2.115e-05
1749265969,0.00001980,2777777.00,2.115e-05
1749265969,0.00001979,25652463.00,2.115e-05
1749265969,0.00001975,660943.00,2.115e-05
1749265969,0.00001972,1450294.00,2.115e-05
1749265969,0.00001970,861760.00,2.115e-05
1749265969,0.00001968,387178.00,2.115e-05
1749265969,0.00001963,4548134.00,2.115e-05
1749265969,0.00001961,2714745.00,2.115e-05
1749265969,0.00001960,510204.00,2.115e-05
1749265969,0.00001958,387178.00,2.115e-05
1749265969,0.00001957,328676.00,2.115e-05
1749265969,0.00001951,24562793.00,2.115e-05
1749265969,0.00001950,27338972.00,2.115e-05
1749265969,0.00001949,25654181.00,2.115e-05
1749265969,0.00001947,23340103.00,2.115e-05
1749265969,0.00001940,993328.00,2.115e-05
1749265969,0.00001939,660943.00,2.115e-05
1749265969,0.00001936,516528.00,2.115e-05
1749265969,0.00001934,4255974.00,2.115e-05
1749265969,0.00001930,6479730.00,2.115e-05
1749265969,0.00001927,660943.00,2.115e-05
1749265969,0.00001924,262474.00,2.115e-05
1749265969,0.00001920,520833.00,2.115e-05
1749265969,0.00001918,271115.00,2.115e-05
1749265969,0.00001917,477865.00,2.115e-05
1749265969,0.00001916,2730121.00,2.115e-05
1749265969,0.00001915,660943.00,2.115e-05
1749265969,0.00001911,9493459.00,2.115e-05
1749265969,0.00001910,668900.00,2.115e-05
1749265969,0.00001908,49456221.00,2.115e-05
1749265969,0.00001905,32112966.00,2.115e-05
1749265969,0.00001903,1146372.00,2.115e-05
1749265969,0.00001902,660943.00,2.115e-05
1749265969,0.00001901,584454.00,2.115e-05
1749265969,0.00001900,60310723.00,2.115e-05
1749266275,0.00002117,16641330.00,2.119e-05
1749266275,0.00002116,18161178.00,2.119e-05
1749266275,0.00002115,91869309.00,2.119e-05
1749266275,0.00002114,167067928.00,2.119e-05
1749266275,0.00002113,152791935.00,2.119e-05
1749266275,0.00002112,129696706.00,2.119e-05
1749266275,0.00002111,315116964.00,2.119e-05
1749266275,0.00002110,198879681.00,2.119e-05
1749266275,0.00002109,84337851.00,2.119e-05
1749266275,0.00002108,67990103.00,2.119e-05
1749266275,0.00002107,36016584.00,2.119e-05
1749266275,0.00002106,29669729.00,2.119e-05
1749266275,0.00002105,19881656.00,2.119e-05
1749266275,0.00002104,62465355.00,2.119e-05
1749266275,0.00002103,19938286.00,2.119e-05
1749266275,0.00002102,19952494.00,2.119e-05
1749266275,0.00002101,191260670.00,2.119e-05
1749266275,0.00002100,92723043.00,2.119e-05
1749266275,0.00002099,96294570.00,2.119e-05
1749266275,0.00002098,52266015.00,2.119e-05
1749266275,0.00002097,121832875.00,2.119e-05
1749266275,0.00002096,37945314.00,2.119e-05
1749266275,0.00002095,61522111.00,2.119e-05
1749266275,0.00002093,30647901.00,2.119e-05
1749266275,0.00002092,25963417.00,2.119e-05
1749266275,0.00002090,84190477.00,2.119e-05
1749266275,0.00002089,26369237.00,2.119e-05
1749266275,0.00002088,44662104.00,2.119e-05
1749266275,0.00002087,31742552.00,2.119e-05
1749266275,0.00002085,865043.00,2.119e-05
1749266275,0.00002084,660943.00,2.119e-05
1749266275,0.00002083,6178544.00,2.119e-05
1749266275,0.00002080,4807858.00,2.119e-05
1749266275,0.00002076,10003088.00,2.119e-05
1749266275,0.00002075,387178.00,2.119e-05
1749266275,0.00002072,660943.00,2.119e-05
1749266275,0.00002070,434782.00,2.119e-05
1749266275,0.00002064,387178.00,2.119e-05
1749266275,0.00002060,1138808.00,2.119e-05
1749266275,0.00002053,387178.00,2.119e-05
1749266275,0.00002050,1221687.00,2.119e-05
1749266275,0.00002048,660943.00,2.119e-05
1749266275,0.00002043,387178.00,2.119e-05
1749266275,0.00002036,660943.00,2.119e-05
1749266275,0.00002035,477865.00,2.119e-05
1749266275,0.00002032,387178.00,2.119e-05
1749266275,0.00002028,749103.00,2.119e-05
1749266275,0.00002024,660943.00,2.119e-05
1749266275,0.00002022,19704433.00,2.119e-05
1749266275,0.00002021,387178.00,2.119e-05
1749266275,0.00002017,111262203.00,2.119e-05
1749266275,0.00002016,1192091.00,2.119e-05
1749266275,0.00002015,76494121.00,2.119e-05
1749266275,0.00002012,660943.00,2.119e-05
1749266275,0.00002011,865043.00,2.119e-05
1749266275,0.00002010,566373.00,2.119e-05
1749266275,0.00002008,60000000.00,2.119e-05
1749266275,0.00002005,1246882.00,2.119e-05
1749266275,0.00002002,668900.00,2.119e-05
1749266275,0.00002000,42624568.00,2.119e-05
1749266275,0.00001999,916070.00,2.119e-05
1749266275,0.00001990,1903612.00,2.119e-05
1749266275,0.00001989,688837.00,2.119e-05
1749266275,0.00001987,1138808.00,2.119e-05
1749266275,0.00001985,287763.00,2.119e-05
1749266275,0.00001980,2777777.00,2.119e-05
1749266275,0.00001979,25652463.00,2.119e-05
1749266275,0.00001975,660943.00,2.119e-05
1749266275,0.00001972,1450294.00,2.119e-05
1749266275,0.00001970,861760.00,2.119e-05
1749266275,0.00001968,387178.00,2.119e-05
1749266275,0.00001963,4548134.00,2.119e-05
1749266275,0.00001961,2714745.00,2.119e-05
1749266275,0.00001960,510204.00,2.119e-05
1749266275,0.00001958,387178.00,2.119e-05
1749266275,0.00001957,328676.00,2.119e-05
1749266275,0.00001951,24562793.00,2.119e-05
1749266275,0.00001950,27338972.00,2.119e-05
1749266275,0.00001949,25654181.00,2.119e-05
1749266275,0.00001947,23340103.00,2.119e-05
1749266275,0.00001940,993328.00,2.119e-05
1749266275,0.00001939,660943.00,2.119e-05
1749266275,0.00001936,516528.00,2.119e-05
1749266275,0.00001934,4255974.00,2.119e-05
1749266275,0.00001930,6479730.00,2.119e-05
1749266275,0.00001927,660943.00,2.119e-05
1749266275,0.00001924,262474.00,2.119e-05
1749266275,0.00001920,520833.00,2.119e-05
1749266275,0.00001918,271115.00,2.119e-05
1749266275,0.00001917,477865.00,2.119e-05
1749266275,0.00001916,2730121.00,2.119e-05
1749266275,0.00001915,660943.00,2.119e-05
1749266275,0.00001911,9493459.00,2.119e-05
1749266275,0.00001910,668900.00,2.119e-05
1749266275,0.00001908,49456221.00,2.119e-05
1749266275,0.00001905,32112966.00,2.119e-05
1749266275,0.00001903,1146372.00,2.119e-05
1749266275,0.00001902,660943.00,2.119e-05
1749266275,0.00001901,584454.00,2.119e-05
1749266275,0.00001900,60310723.00,2.119e-05
1749266576,0.00002116,55106049.00,2.116e-05
1749266576,0.00002115,57078004.00,2.116e-05
1749266576,0.00002114,123131645.00,2.116e-05
1749266576,0.00002113,241191923.00,2.116e-05
1749266576,0.00002112,144228191.00,2.116e-05
1749266576,0.00002111,52529252.00,2.116e-05
1749266576,0.00002110,38444678.00,2.116e-05
1749266576,0.00002109,73254708.00,2.116e-05
1749266576,0.00002108,185174208.00,2.116e-05
1749266576,0.00002107,213866073.00,2.116e-05
1749266576,0.00002106,63950141.00,2.116e-05
1749266576,0.00002105,19881656.00,2.116e-05
1749266576,0.00002104,95343637.00,2.116e-05
1749266576,0.00002103,19938286.00,2.116e-05
1749266576,0.00002102,20289601.00,2.116e-05
1749266576,0.00002101,191260670.00,2.116e-05
1749266576,0.00002100,66227007.00,2.116e-05
1749266576,0.00002099,19957234.00,2.116e-05
1749266576,0.00002098,52266015.00,2.116e-05
1749266576,0.00002097,121832875.00,2.116e-05
1749266576,0.00002096,12787767.00,2.116e-05
1749266576,0.00002095,600800.00,2.116e-05
1749266576,0.00002094,26571956.00,2.116e-05
1749266576,0.00002093,107204074.00,2.116e-05
1749266576,0.00002092,25963417.00,2.116e-05
1749266576,0.00002090,119356327.00,2.116e-05
1749266576,0.00002089,51155450.00,2.116e-05
1749266576,0.00002088,44662104.00,2.116e-05
1749266576,0.00002087,31742552.00,2.116e-05
1749266576,0.00002085,865043.00,2.116e-05
1749266576,0.00002084,660943.00,2.116e-05
1749266576,0.00002083,32623736.00,2.116e-05
1749266576,0.00002080,4807858.00,2.116e-05
1749266576,0.00002076,10003088.00,2.116e-05
1749266576,0.00002075,387178.00,2.116e-05
1749266576,0.00002072,660943.00,2.116e-05
1749266576,0.00002070,434782.00,2.116e-05
1749266576,0.00002064,387178.00,2.116e-05
1749266576,0.00002060,1138808.00,2.116e-05
1749266576,0.00002053,387178.00,2.116e-05
1749266576,0.00002050,1221687.00,2.116e-05
1749266576,0.00002048,660943.00,2.116e-05
1749266576,0.00002043,387178.00,2.116e-05
1749266576,0.00002036,660943.00,2.116e-05
1749266576,0.00002035,477865.00,2.116e-05
1749266576,0.00002032,387178.00,2.116e-05
1749266576,0.00002028,749103.00,2.116e-05
1749266576,0.00002024,660943.00,2.116e-05
1749266576,0.00002022,19704433.00,2.116e-05
1749266576,0.00002021,387178.00,2.116e-05
1749266576,0.00002017,111262203.00,2.116e-05
1749266576,0.00002016,1192091.00,2.116e-05
1749266576,0.00002015,76494121.00,2.116e-05
1749266576,0.00002012,660943.00,2.116e-05
1749266576,0.00002011,865043.00,2.116e-05
1749266576,0.00002010,566373.00,2.116e-05
1749266576,0.00002008,60000000.00,2.116e-05
1749266576,0.00002005,1246882.00,2.116e-05
1749266576,0.00002002,668900.00,2.116e-05
1749266576,0.00002000,42624568.00,2.116e-05
1749266576,0.00001999,916070.00,2.116e-05
1749266576,0.00001990,1903612.00,2.116e-05
1749266576,0.00001989,688837.00,2.116e-05
1749266576,0.00001987,1138808.00,2.116e-05
1749266576,0.00001985,287763.00,2.116e-05
1749266576,0.00001980,2777777.00,2.116e-05
1749266576,0.00001979,25652463.00,2.116e-05
1749266576,0.00001975,660943.00,2.116e-05
1749266576,0.00001972,1450294.00,2.116e-05
1749266576,0.00001970,861760.00,2.116e-05
1749266576,0.00001968,387178.00,2.116e-05
1749266576,0.00001963,4548134.00,2.116e-05
1749266576,0.00001961,2714745.00,2.116e-05
1749266576,0.00001960,510204.00,2.116e-05
1749266576,0.00001958,387178.00,2.116e-05
1749266576,0.00001957,328676.00,2.116e-05
1749266576,0.00001951,24562793.00,2.116e-05
1749266576,0.00001950,27338972.00,2.116e-05
1749266576,0.00001949,25654181.00,2.116e-05
1749266576,0.00001947,23340103.00,2.116e-05
1749266576,0.00001940,993328.00,2.116e-05
1749266576,0.00001939,660943.00,2.116e-05
1749266576,0.00001936,516528.00,2.116e-05
1749266576,0.00001934,4255974.00,2.116e-05
1749266576,0.00001930,6479730.00,2.116e-05
1749266576,0.00001927,660943.00,2.116e-05
1749266576,0.00001924,262474.00,2.116e-05
1749266576,0.00001920,520833.00,2.116e-05
1749266576,0.00001918,271115.00,2.116e-05
1749266576,0.00001917,477865.00,2.116e-05
1749266576,0.00001916,2730121.00,2.116e-05
1749266576,0.00001915,660943.00,2.116e-05
1749266576,0.00001911,9493459.00,2.116e-05
1749266576,0.00001910,668900.00,2.116e-05
1749266576,0.00001908,49456221.00,2.116e-05
1749266576,0.00001905,32112966.00,2.116e-05
1749266576,0.00001903,1145832.00,2.116e-05
1749266576,0.00001902,660943.00,2.116e-05
1749266576,0.00001901,584454.00,2.116e-05
1749266576,0.00001900,60310723.00,2.116e-05
1749266878,0.00002116,31287927.00,2.118e-05
1749266878,0.00002115,94027710.00,2.118e-05
1749266878,0.00002114,290012684.00,2.118e-05
1749266878,0.00002113,248924705.00,2.118e-05
1749266878,0.00002112,40781473.00,2.118e-05
1749266878,0.00002111,37469119.00,2.118e-05
1749266878,0.00002110,354270577.00,2.118e-05
1749266878,0.00002109,84340513.00,2.118e-05
1749266878,0.00002108,71660851.00,2.118e-05
1749266878,0.00002107,36016584.00,2.118e-05
1749266878,0.00002106,39112972.00,2.118e-05
1749266878,0.00002105,29954617.00,2.118e-05
1749266878,0.00002104,62465355.00,2.118e-05
1749266878,0.00002103,191074070.00,2.118e-05
1749266878,0.00002102,19952494.00,2.118e-05
1749266878,0.00002101,19961977.00,2.118e-05
1749266878,0.00002100,66227007.00,2.118e-05
1749266878,0.00002099,70884742.00,2.118e-05
1749266878,0.00002098,52266015.00,2.118e-05
1749266878,0.00002097,121832875.00,2.118e-05
1749266878,0.00002096,37945314.00,2.118e-05
1749266878,0.00002095,25609260.00,2.118e-05
1749266878,0.00002094,26571956.00,2.118e-05
1749266878,0.00002093,56130572.00,2.118e-05
1749266878,0.00002092,25963417.00,2.118e-05
1749266878,0.00002090,94126558.00,2.118e-05
1749266878,0.00002089,52444398.00,2.118e-05
1749266878,0.00002088,44662104.00,2.118e-05
1749266878,0.00002087,31742552.00,2.118e-05
1749266878,0.00002085,865043.00,2.118e-05
1749266878,0.00002084,660943.00,2.118e-05
1749266878,0.00002083,6178544.00,2.118e-05
1749266878,0.00002080,4807858.00,2.118e-05
1749266878,0.00002076,10003088.00,2.118e-05
1749266878,0.00002075,387178.00,2.118e-05
1749266878,0.00002072,660943.00,2.118e-05
1749266878,0.00002070,434782.00,2.118e-05
1749266878,0.00002064,387178.00,2.118e-05
1749266878,0.00002060,1138808.00,2.118e-05
1749266878,0.00002053,387178.00,2.118e-05
1749266878,0.00002050,1221687.00,2.118e-05
1749266878,0.00002048,660943.00,2.118e-05
1749266878,0.00002043,387178.00,2.118e-05
1749266878,0.00002036,660943.00,2.118e-05
1749266878,0.00002035,477865.00,2.118e-05
1749266878,0.00002032,387178.00,2.118e-05
1749266878,0.00002028,749103.00,2.118e-05
1749266878,0.00002024,660943.00,2.118e-05
1749266878,0.00002022,19704433.00,2.118e-05
1749266878,0.00002021,387178.00,2.118e-05
1749266878,0.00002017,111262203.00,2.118e-05
1749266878,0.00002016,1192091.00,2.118e-05
1749266878,0.00002015,76494121.00,2.118e-05
1749266878,0.00002012,660943.00,2.118e-05
1749266878,0.00002011,865043.00,2.118e-05
1749266878,0.00002010,566373.00,2.118e-05
1749266878,0.00002008,60000000.00,2.118e-05
1749266878,0.00002005,1246882.00,2.118e-05
1749266878,0.00002002,668900.00,2.118e-05
1749266878,0.00002000,42624568.00,2.118e-05
1749266878,0.00001999,916070.00,2.118e-05
1749266878,0.00001990,1903612.00,2.118e-05
1749266878,0.00001989,688837.00,2.118e-05
1749266878,0.00001987,1138808.00,2.118e-05
1749266878,0.00001985,287763.00,2.118e-05
1749266878,0.00001980,2777777.00,2.118e-05
1749266878,0.00001979,25652463.00,2.118e-05
1749266878,0.00001975,660943.00,2.118e-05
1749266878,0.00001972,1450294.00,2.118e-05
1749266878,0.00001970,861760.00,2.118e-05
1749266878,0.00001968,387178.00,2.118e-05
1749266878,0.00001963,4548134.00,2.118e-05
1749266878,0.00001961,2714745.00,2.118e-05
1749266878,0.00001960,510204.00,2.118e-05
1749266878,0.00001958,387178.00,2.118e-05
1749266878,0.00001957,328676.00,2.118e-05
1749266878,0.00001951,24562793.00,2.118e-05
1749266878,0.00001950,27338972.00,2.118e-05
1749266878,0.00001949,25654181.00,2.118e-05
1749266878,0.00001947,23340103.00,2.118e-05
1749266878,0.00001940,993328.00,2.118e-05
1749266878,0.00001939,660943.00,2.118e-05
1749266878,0.00001936,516528.00,2.118e-05
1749266878,0.00001934,4255974.00,2.118e-05
1749266878,0.00001930,6479730.00,2.118e-05
1749266878,0.00001927,660943.00,2.118e-05
1749266878,0.00001924,262474.00,2.118e-05
1749266878,0.00001920,520833.00,2.118e-05
1749266878,0.00001918,271115.00,2.118e-05
1749266878,0.00001917,477865.00,2.118e-05
1749266878,0.00001916,2730121.00,2.118e-05
1749266878,0.00001915,660943.00,2.118e-05
1749266878,0.00001911,9493459.00,2.118e-05
1749266878,0.00001910,668900.00,2.118e-05
1749266878,0.00001908,49456221.00,2.118e-05
1749266878,0.00001906,1144476.00,2.118e-05
1749266878,0.00001905,32112966.00,2.118e-05
1749266878,0.00001902,660943.00,2.118e-05
1749266878,0.00001901,584454.00,2.118e-05
1749266878,0.00001900,60310723.00,2.118e-05
1749267180,0.00002113,105499800.00,2.115e-05
1749267180,0.00002112,362416375.00,2.115e-05
1749267180,0.00002111,94453634.00,2.115e-05
1749267180,0.00002110,87632763.00,2.115e-05
1749267180,0.00002109,81999367.00,2.115e-05
1749267180,0.00002108,175742145.00,2.115e-05
1749267180,0.00002107,47719116.00,2.115e-05
1749267180,0.00002106,251384645.00,2.115e-05
1749267180,0.00002105,36161703.00,2.115e-05
1749267180,0.00002104,42726584.00,2.115e-05
1749267180,0.00002103,23712821.00,2.115e-05
1749267180,0.00002102,20611235.00,2.115e-05
1749267180,0.00002101,62812795.00,2.115e-05
1749267180,0.00002100,66227007.00,2.115e-05
1749267180,0.00002099,191419146.00,2.115e-05
1749267180,0.00002098,52266015.00,2.115e-05
1749267180,0.00002097,121832875.00,2.115e-05
1749267180,0.00002096,12787767.00,2.115e-05
1749267180,0.00002095,600800.00,2.115e-05
1749267180,0.00002094,26571956.00,2.115e-05
1749267180,0.00002093,107204074.00,2.115e-05
1749267180,0.00002092,25963417.00,2.115e-05
1749267180,0.00002090,119356327.00,2.115e-05
1749267180,0.00002089,77524687.00,2.115e-05
1749267180,0.00002088,44662104.00,2.115e-05
1749267180,0.00002087,31742552.00,2.115e-05
1749267180,0.00002085,865043.00,2.115e-05
1749267180,0.00002084,660943.00,2.115e-05
1749267180,0.00002083,6178544.00,2.115e-05
1749267180,0.00002080,4807858.00,2.115e-05
1749267180,0.00002076,10003088.00,2.115e-05
1749267180,0.00002075,387178.00,2.115e-05
1749267180,0.00002072,660943.00,2.115e-05
1749267180,0.00002070,434782.00,2.115e-05
1749267180,0.00002064,387178.00,2.115e-05
1749267180,0.00002060,1138808.00,2.115e-05
1749267180,0.00002053,387178.00,2.115e-05
1749267180,0.00002050,1221687.00,2.115e-05
1749267180,0.00002048,660943.00,2.115e-05
1749267180,0.00002043,387178.00,2.115e-05
1749267180,0.00002036,660943.00,2.115e-05
1749267180,0.00002035,477865.00,2.115e-05
1749267180,0.00002032,387178.00,2.115e-05
1749267180,0.00002028,749103.00,2.115e-05
1749267180,0.00002024,660943.00,2.115e-05
1749267180,0.00002022,19704433.00,2.115e-05
1749267180,0.00002021,387178.00,2.115e-05
1749267180,0.00002017,111262203.00,2.115e-05
1749267180,0.00002016,1192091.00,2.115e-05
1749267180,0.00002015,76494121.00,2.115e-05
1749267180,0.00002012,660943.00,2.115e-05
1749267180,0.00002011,865043.00,2.115e-05
1749267180,0.00002010,566373.00,2.115e-05
1749267180,0.00002008,60000000.00,2.115e-05
1749267180,0.00002005,1246882.00,2.115e-05
1749267180,0.00002002,668900.00,2.115e-05
1749267180,0.00002000,42624568.00,2.115e-05
1749267180,0.00001999,916070.00,2.115e-05
1749267180,0.00001990,1903612.00,2.115e-05
1749267180,0.00001989,688837.00,2.115e-05
1749267180,0.00001987,1138808.00,2.115e-05
1749267180,0.00001985,287763.00,2.115e-05
1749267180,0.00001980,2777777.00,2.115e-05
1749267180,0.00001979,25652463.00,2.115e-05
1749267180,0.00001975,660943.00,2.115e-05
1749267180,0.00001972,1450294.00,2.115e-05
1749267180,0.00001970,861760.00,2.115e-05
1749267180,0.00001968,387178.00,2.115e-05
1749267180,0.00001963,4548134.00,2.115e-05
1749267180,0.00001961,2714745.00,2.115e-05
1749267180,0.00001960,510204.00,2.115e-05
1749267180,0.00001958,387178.00,2.115e-05
1749267180,0.00001957,328676.00,2.115e-05
1749267180,0.00001951,24562793.00,2.115e-05
1749267180,0.00001950,27338972.00,2.115e-05
1749267180,0.00001949,25654181.00,2.115e-05
1749267180,0.00001947,23340103.00,2.115e-05
1749267180,0.00001940,993328.00,2.115e-05
1749267180,0.00001939,660943.00,2.115e-05
1749267180,0.00001936,516528.00,2.115e-05
1749267180,0.00001934,4255974.00,2.115e-05
1749267180,0.00001930,6479730.00,2.115e-05
1749267180,0.00001927,660943.00,2.115e-05
1749267180,0.00001924,262474.00,2.115e-05
1749267180,0.00001920,520833.00,2.115e-05
1749267180,0.00001918,271115.00,2.115e-05
1749267180,0.00001917,477865.00,2.115e-05
1749267180,0.00001916,2730121.00,2.115e-05
1749267180,0.00001915,660943.00,2.115e-05
1749267180,0.00001911,9493459.00,2.115e-05
1749267180,0.00001910,668900.00,2.115e-05
1749267180,0.00001908,49456221.00,2.115e-05
1749267180,0.00001906,1144476.00,2.115e-05
1749267180,0.00001905,32112966.00,2.115e-05
1749267180,0.00001902,660943.00,2.115e-05
1749267180,0.00001901,584454.00,2.115e-05
1749267180,0.00001900,60310723.00,2.115e-05
1749267180,0.00001899,13069398.00,2.115e-05
1749267180,0.00001894,477865.00,2.115e-05
1749267180,0.00001891,1322051.00,2.115e-05
1749267481,0.00002116,22501949.00,2.116e-05
1749267481,0.00002115,20398053.00,2.116e-05
1749267481,0.00002114,71344401.00,2.116e-05
1749267481,0.00002113,147099614.00,2.116e-05
1749267481,0.00002112,182780092.00,2.116e-05
1749267481,0.00002111,123736031.00,2.116e-05
1749267481,0.00002110,82962249.00,2.116e-05
1749267481,0.00002109,29681324.00,2.116e-05
1749267481,0.00002108,175742145.00,2.116e-05
1749267481,0.00002107,204006604.00,2.116e-05
1749267481,0.00002106,73396050.00,2.116e-05
1749267481,0.00002105,36161703.00,2.116e-05
1749267481,0.00002104,92610929.00,2.116e-05
1749267481,0.00002103,29830192.00,2.116e-05
1749267481,0.00002102,20611235.00,2.116e-05
1749267481,0.00002101,234111488.00,2.116e-05
1749267481,0.00002100,66227007.00,2.116e-05
1749267481,0.00002099,19957234.00,2.116e-05
1749267481,0.00002098,52266015.00,2.116e-05
1749267481,0.00002097,121832875.00,2.116e-05
1749267481,0.00002096,12787767.00,2.116e-05
1749267481,0.00002095,600800.00,2.116e-05
1749267481,0.00002094,26571956.00,2.116e-05
1749267481,0.00002093,107204074.00,2.116e-05
1749267481,0.00002092,25963417.00,2.116e-05
1749267481,0.00002090,119356327.00,2.116e-05
1749267481,0.00002089,51155450.00,2.116e-05
1749267481,0.00002088,44662104.00,2.116e-05
1749267481,0.00002087,31742552.00,2.116e-05
1749267481,0.00002086,6168909.00,2.116e-05
1749267481,0.00002085,865043.00,2.116e-05
1749267481,0.00002084,660943.00,2.116e-05
1749267481,0.00002083,26445192.00,2.116e-05
1749267481,0.00002080,4807858.00,2.116e-05
1749267481,0.00002076,10003088.00,2.116e-05
1749267481,0.00002075,387178.00,2.116e-05
1749267481,0.00002072,660943.00,2.116e-05
1749267481,0.00002070,434782.00,2.116e-05
1749267481,0.00002064,387178.00,2.116e-05
1749267481,0.00002060,1138808.00,2.116e-05
1749267481,0.00002053,387178.00,2.116e-05
1749267481,0.00002050,1221687.00,2.116e-05
1749267481,0.00002048,660943.00,2.116e-05
1749267481,0.00002043,387178.00,2.116e-05
1749267481,0.00002036,660943.00,2.116e-05
1749267481,0.00002035,477865.00,2.116e-05
1749267481,0.00002032,387178.00,2.116e-05
1749267481,0.00002028,749103.00,2.116e-05
1749267481,0.00002024,660943.00,2.116e-05
1749267481,0.00002022,19704433.00,2.116e-05
1749267481,0.00002021,387178.00,2.116e-05
1749267481,0.00002017,111262203.00,2.116e-05
1749267481,0.00002016,1192091.00,2.116e-05
1749267481,0.00002015,76494121.00,2.116e-05
1749267481,0.00002012,660943.00,2.116e-05
1749267481,0.00002011,865043.00,2.116e-05
1749267481,0.00002010,566373.00,2.116e-05
1749267481,0.00002008,60000000.00,2.116e-05
1749267481,0.00002005,1246882.00,2.116e-05
1749267481,0.00002002,668900.00,2.116e-05
1749267481,0.00002000,42624568.00,2.116e-05
1749267481,0.00001999,916070.00,2.116e-05
1749267481,0.00001990,1903612.00,2.116e-05
1749267481,0.00001989,688837.00,2.116e-05
1749267481,0.00001987,1138808.00,2.116e-05
1749267481,0.00001985,287763.00,2.116e-05
1749267481,0.00001980,2777777.00,2.116e-05
1749267481,0.00001979,25652463.00,2.116e-05
1749267481,0.00001975,660943.00,2.116e-05
1749267481,0.00001972,1450294.00,2.116e-05
1749267481,0.00001970,861760.00,2.116e-05
1749267481,0.00001968,387178.00,2.116e-05
1749267481,0.00001963,4548134.00,2.116e-05
1749267481,0.00001961,2714745.00,2.116e-05
