timestamp,price,volume,current_price
1749260670,2.16150000,16979.00000000,2.1616
1749260670,2.16140000,24393.40000000,2.1616
1749260670,2.16130000,29734.70000000,2.1616
1749260670,2.16120000,26766.10000000,2.1616
1749260670,2.16110000,30608.70000000,2.1616
1749260670,2.16100000,16418.80000000,2.1616
1749260670,2.16090000,21131.20000000,2.1616
1749260670,2.16080000,26259.30000000,2.1616
1749260670,2.16070000,21039.90000000,2.1616
1749260670,2.16060000,24063.30000000,2.1616
1749260670,2.16050000,2673.00000000,2.1616
1749260670,2.16040000,7741.20000000,2.1616
1749260670,2.16030000,8458.70000000,2.1616
1749260670,2.16020000,7915.00000000,2.1616
1749260670,2.16010000,4184.00000000,2.1616
1749260670,2.16000000,12136.70000000,2.1616
1749260670,2.15990000,18296.80000000,2.1616
1749260670,2.15980000,34969.50000000,2.1616
1749260670,2.15970000,25145.80000000,2.1616
1749260670,2.15960000,10393.00000000,2.1616
1749260670,2.15950000,17502.90000000,2.1616
1749260670,2.15940000,15613.40000000,2.1616
1749260670,2.15930000,11621.80000000,2.1616
1749260670,2.15920000,4838.00000000,2.1616
1749260670,2.15910000,7260.00000000,2.1616
1749260670,2.15900000,7757.70000000,2.1616
1749260670,2.15890000,3598.80000000,2.1616
1749260670,2.15880000,4146.70000000,2.1616
1749260670,2.15870000,3017.70000000,2.1616
1749260670,2.15860000,3488.20000000,2.1616
1749260670,2.15850000,13345.70000000,2.1616
1749260670,2.15840000,11411.70000000,2.1616
1749260670,2.15830000,10578.30000000,2.1616
1749260670,2.15820000,3507.40000000,2.1616
1749260670,2.15810000,6573.80000000,2.1616
1749260670,2.15800000,3581.00000000,2.1616
1749260670,2.15790000,10603.30000000,2.1616
1749260670,2.15780000,14344.10000000,2.1616
1749260670,2.15770000,24243.30000000,2.1616
1749260670,2.15760000,36601.70000000,2.1616
1749260670,2.15750000,32719.40000000,2.1616
1749260670,2.15740000,20308.50000000,2.1616
1749260670,2.15730000,13693.30000000,2.1616
1749260670,2.15720000,7650.70000000,2.1616
1749260670,2.15710000,14364.50000000,2.1616
1749260670,2.15700000,8108.90000000,2.1616
1749260670,2.15690000,14862.80000000,2.1616
1749260670,2.15680000,101.30000000,2.1616
1749260670,2.15670000,11175.30000000,2.1616
1749260670,2.15660000,1427.70000000,2.1616
1749260670,2.15650000,2906.10000000,2.1616
1749260670,2.15640000,3224.50000000,2.1616
1749260670,2.15630000,2568.70000000,2.1616
1749260670,2.15620000,16472.60000000,2.1616
1749260670,2.15610000,5327.30000000,2.1616
1749260670,2.15600000,3261.10000000,2.1616
1749260670,2.15590000,15.70000000,2.1616
1749260670,2.15580000,10878.50000000,2.1616
1749260670,2.15570000,591.40000000,2.1616
1749260670,2.15560000,38201.30000000,2.1616
1749260670,2.15550000,5663.50000000,2.1616
1749260670,2.15540000,15672.40000000,2.1616
1749260670,2.15530000,3906.90000000,2.1616
1749260670,2.15520000,4571.10000000,2.1616
1749260670,2.15510000,4215.50000000,2.1616
1749260670,2.15500000,2445.50000000,2.1616
1749260670,2.15490000,15159.00000000,2.1616
1749260670,2.15480000,5275.10000000,2.1616
1749260670,2.15470000,85122.60000000,2.1616
1749260670,2.15460000,30304.90000000,2.1616
1749260670,2.15450000,6594.10000000,2.1616
1749260670,2.15440000,992.90000000,2.1616
1749260670,2.15430000,5095.70000000,2.1616
1749260670,2.15420000,2896.50000000,2.1616
1749260670,2.15410000,3698.10000000,2.1616
1749260670,2.15400000,17670.50000000,2.1616
1749260670,2.15390000,6163.10000000,2.1616
1749260670,2.15380000,2609.90000000,2.1616
1749260670,2.15370000,2298.70000000,2.1616
1749260670,2.15360000,7193.20000000,2.1616
1749260670,2.15350000,5.80000000,2.1616
1749260670,2.15340000,13495.90000000,2.1616
1749260670,2.15330000,63.10000000,2.1616
1749260670,2.15320000,8436.60000000,2.1616
1749260670,2.15310000,11247.60000000,2.1616
1749260670,2.15300000,18.20000000,2.1616
1749260670,2.15290000,4.20000000,2.1616
1749260670,2.15280000,4044.10000000,2.1616
1749260670,2.15270000,51.20000000,2.1616
1749260670,2.15260000,18.20000000,2.1616
1749260670,2.15250000,8234.70000000,2.1616
1749260670,2.15240000,28.50000000,2.1616
1749260670,2.15230000,3503.40000000,2.1616
1749260670,2.15220000,1663.30000000,2.1616
1749260670,2.15210000,6972.20000000,2.1616
1749260670,2.15200000,201.00000000,2.1616
1749260670,2.15190000,25.10000000,2.1616
1749260670,2.15180000,5828.80000000,2.1616
1749260670,2.15170000,86.40000000,2.1616
1749260670,2.15160000,10581.20000000,2.1616
1749260972,2.16260000,7058.80000000,2.1627
1749260972,2.16250000,6403.60000000,2.1627
1749260972,2.16240000,11686.60000000,2.1627
1749260972,2.16230000,13828.90000000,2.1627
1749260972,2.16220000,3570.20000000,2.1627
1749260972,2.16210000,17270.30000000,2.1627
1749260972,2.16200000,10243.10000000,2.1627
1749260972,2.16190000,8555.30000000,2.1627
1749260972,2.16180000,14653.70000000,2.1627
1749260972,2.16170000,13133.50000000,2.1627
1749260972,2.16160000,7466.80000000,2.1627
1749260972,2.16150000,17944.90000000,2.1627
1749260972,2.16140000,15505.60000000,2.1627
1749260972,2.16130000,17135.30000000,2.1627
1749260972,2.16120000,18323.70000000,2.1627
1749260972,2.16110000,22450.60000000,2.1627
1749260972,2.16100000,22281.30000000,2.1627
1749260972,2.16090000,3394.90000000,2.1627
1749260972,2.16080000,5263.60000000,2.1627
1749260972,2.16070000,11509.40000000,2.1627
1749260972,2.16060000,21728.40000000,2.1627
1749260972,2.16050000,8006.10000000,2.1627
1749260972,2.16040000,16644.60000000,2.1627
1749260972,2.16030000,10372.10000000,2.1627
1749260972,2.16020000,11769.70000000,2.1627
1749260972,2.16010000,1272.70000000,2.1627
1749260972,2.16000000,6545.10000000,2.1627
1749260972,2.15990000,9306.80000000,2.1627
1749260972,2.15980000,8519.70000000,2.1627
1749260972,2.15970000,15733.30000000,2.1627
1749260972,2.15960000,16365.80000000,2.1627
1749260972,2.15950000,23859.20000000,2.1627
1749260972,2.15940000,22024.10000000,2.1627
1749260972,2.15930000,13260.00000000,2.1627
1749260972,2.15920000,18941.90000000,2.1627
1749260972,2.15910000,12251.80000000,2.1627
1749260972,2.15900000,17626.90000000,2.1627
1749260972,2.15890000,5385.80000000,2.1627
1749260972,2.15880000,5684.70000000,2.1627
1749260972,2.15870000,6270.50000000,2.1627
1749260972,2.15860000,4363.00000000,2.1627
1749260972,2.15850000,14773.90000000,2.1627
1749260972,2.15840000,16669.10000000,2.1627
1749260972,2.15830000,19453.30000000,2.1627
1749260972,2.15820000,13174.80000000,2.1627
1749260972,2.15810000,13755.40000000,2.1627
1749260972,2.15800000,933.80000000,2.1627
1749260972,2.15790000,5441.20000000,2.1627
1749260972,2.15780000,14672.50000000,2.1627
1749260972,2.15770000,22679.50000000,2.1627
1749260972,2.15760000,15995.60000000,2.1627
1749260972,2.15750000,2345.90000000,2.1627
1749260972,2.15740000,2563.40000000,2.1627
1749260972,2.15730000,70690.70000000,2.1627
1749260972,2.15720000,2701.90000000,2.1627
1749260972,2.15710000,3020.20000000,2.1627
1749260972,2.15700000,43920.90000000,2.1627
1749260972,2.15690000,12979.50000000,2.1627
1749260972,2.15680000,232.50000000,2.1627
1749260972,2.15670000,10983.30000000,2.1627
1749260972,2.15660000,2129.80000000,2.1627
1749260972,2.15650000,2569.80000000,2.1627
1749260972,2.15640000,2533.60000000,2.1627
1749260972,2.15630000,2568.70000000,2.1627
1749260972,2.15620000,16009.60000000,2.1627
1749260972,2.15610000,5436.80000000,2.1627
1749260972,2.15600000,16619.70000000,2.1627
1749260972,2.15590000,165.10000000,2.1627
1749260972,2.15580000,9401.10000000,2.1627
1749260972,2.15570000,1139.00000000,2.1627
1749260972,2.15560000,2587.10000000,2.1627
1749260972,2.15550000,8011.80000000,2.1627
1749260972,2.15540000,17406.10000000,2.1627
1749260972,2.15530000,2588.80000000,2.1627
1749260972,2.15520000,3985.10000000,2.1627
1749260972,2.15510000,2488.50000000,2.1627
1749260972,2.15500000,2139.40000000,2.1627
1749260972,2.15490000,15145.30000000,2.1627
1749260972,2.15480000,6166.30000000,2.1627
1749260972,2.15470000,7061.20000000,2.1627
1749260972,2.15460000,12242.70000000,2.1627
1749260972,2.15450000,2495.10000000,2.1627
1749260972,2.15440000,84.30000000,2.1627
1749260972,2.15430000,4766.30000000,2.1627
1749260972,2.15420000,255.80000000,2.1627
1749260972,2.15410000,4121.90000000,2.1627
1749260972,2.15400000,117401.30000000,2.1627
1749260972,2.15390000,5910.40000000,2.1627
1749260972,2.15380000,53.60000000,2.1627
1749260972,2.15370000,2560.40000000,2.1627
1749260972,2.15360000,103.60000000,2.1627
1749260972,2.15350000,5.80000000,2.1627
1749260972,2.15340000,1672.20000000,2.1627
1749260972,2.15330000,63.10000000,2.1627
1749260972,2.15320000,5817.30000000,2.1627
1749260972,2.15310000,3924.70000000,2.1627
1749260972,2.15300000,18.20000000,2.1627
1749260972,2.15290000,8.30000000,2.1627
1749260972,2.15280000,1732.70000000,2.1627
1749260972,2.15270000,51.20000000,2.1627
1749261274,2.16120000,1070.60000000,2.1613
1749261274,2.16110000,25.40000000,2.1613
1749261274,2.16100000,300.90000000,2.1613
1749261274,2.16090000,625.10000000,2.1613
1749261274,2.16080000,5573.60000000,2.1613
1749261274,2.16070000,20515.50000000,2.1613
1749261274,2.16060000,14389.70000000,2.1613
1749261274,2.16050000,26133.10000000,2.1613
1749261274,2.16040000,5697.70000000,2.1613
1749261274,2.16030000,8717.20000000,2.1613
1749261274,2.16020000,11041.00000000,2.1613
1749261274,2.16010000,3239.80000000,2.1613
1749261274,2.16000000,8391.40000000,2.1613
1749261274,2.15990000,16832.20000000,2.1613
1749261274,2.15980000,30567.60000000,2.1613
1749261274,2.15970000,16880.00000000,2.1613
1749261274,2.15960000,10665.00000000,2.1613
1749261274,2.15950000,21208.70000000,2.1613
1749261274,2.15940000,6272.00000000,2.1613
1749261274,2.15930000,5270.90000000,2.1613
1749261274,2.15920000,6270.60000000,2.1613
1749261274,2.15910000,10600.10000000,2.1613
1749261274,2.15900000,16321.60000000,2.1613
1749261274,2.15890000,6274.20000000,2.1613
1749261274,2.15880000,7264.70000000,2.1613
1749261274,2.15870000,12662.60000000,2.1613
1749261274,2.15860000,18638.00000000,2.1613
1749261274,2.15850000,25974.60000000,2.1613
1749261274,2.15840000,26192.40000000,2.1613
1749261274,2.15830000,16532.70000000,2.1613
1749261274,2.15820000,12610.80000000,2.1613
1749261274,2.15810000,16962.30000000,2.1613
1749261274,2.15800000,7342.80000000,2.1613
1749261274,2.15790000,5329.10000000,2.1613
1749261274,2.15780000,16070.70000000,2.1613
1749261274,2.15770000,32006.70000000,2.1613
1749261274,2.15760000,19588.60000000,2.1613
1749261274,2.15750000,4485.70000000,2.1613
1749261274,2.15740000,6818.40000000,2.1613
1749261274,2.15730000,7852.20000000,2.1613
1749261274,2.15720000,3568.40000000,2.1613
1749261274,2.15710000,8605.10000000,2.1613
1749261274,2.15700000,25756.40000000,2.1613
1749261274,2.15690000,20969.10000000,2.1613
1749261274,2.15680000,2926.20000000,2.1613
1749261274,2.15670000,9568.30000000,2.1613
1749261274,2.15660000,1380.80000000,2.1613
1749261274,2.15650000,3488.90000000,2.1613
1749261274,2.15640000,2374.80000000,2.1613
1749261274,2.15630000,3031.00000000,2.1613
1749261274,2.15620000,16009.60000000,2.1613
1749261274,2.15610000,76106.40000000,2.1613
1749261274,2.15600000,2715.70000000,2.1613
1749261274,2.15590000,118.90000000,2.1613
1749261274,2.15580000,10844.70000000,2.1613
1749261274,2.15570000,1092.80000000,2.1613
1749261274,2.15560000,4024.50000000,2.1613
1749261274,2.15550000,44004.60000000,2.1613
1749261274,2.15540000,12782.10000000,2.1613
1749261274,2.15530000,2572.40000000,2.1613
1749261274,2.15520000,4213.40000000,2.1613
1749261274,2.15510000,2488.50000000,2.1613
1749261274,2.15500000,65.00000000,2.1613
1749261274,2.15490000,15150.00000000,2.1613
1749261274,2.15480000,6171.00000000,2.1613
1749261274,2.15470000,7065.90000000,2.1613
1749261274,2.15460000,12247.40000000,2.1613
1749261274,2.15450000,2499.80000000,2.1613
1749261274,2.15440000,65.40000000,2.1613
1749261274,2.15430000,4814.80000000,2.1613
1749261274,2.15420000,14175.80000000,2.1613
1749261274,2.15410000,6165.90000000,2.1613
1749261274,2.15400000,117406.00000000,2.1613
1749261274,2.15390000,8430.10000000,2.1613
1749261274,2.15380000,58.30000000,2.1613
1749261274,2.15370000,5074.60000000,2.1613
1749261274,2.15360000,7239.20000000,2.1613
1749261274,2.15350000,2509.10000000,2.1613
1749261274,2.15340000,8550.10000000,2.1613
1749261274,2.15330000,63.10000000,2.1613
1749261274,2.15320000,5856.80000000,2.1613
1749261274,2.15310000,6219.70000000,2.1613
1749261274,2.15300000,18.20000000,2.1613
1749261274,2.15290000,8.30000000,2.1613
1749261274,2.15280000,3960.90000000,2.1613
1749261274,2.15270000,51.20000000,2.1613
1749261274,2.15260000,195.00000000,2.1613
1749261274,2.15250000,9163.90000000,2.1613
1749261274,2.15240000,142422.50000000,2.1613
1749261274,2.15230000,3503.40000000,2.1613
1749261274,2.15220000,1677.20000000,2.1613
1749261274,2.15210000,4.00000000,2.1613
1749261274,2.15200000,18773.90000000,2.1613
1749261274,2.15190000,25.10000000,2.1613
1749261274,2.15180000,5812.40000000,2.1613
1749261274,2.15170000,86.40000000,2.1613
1749261274,2.15160000,10581.20000000,2.1613
1749261274,2.15150000,324.50000000,2.1613
1749261274,2.15140000,489.80000000,2.1613
1749261274,2.15130000,5.20000000,2.1613
1749261575,2.16230000,26548.50000000,2.1624
1749261575,2.16220000,22119.20000000,2.1624
1749261575,2.16210000,22876.80000000,2.1624
1749261575,2.16200000,15012.10000000,2.1624
1749261575,2.16190000,11785.90000000,2.1624
1749261575,2.16180000,4045.20000000,2.1624
1749261575,2.16170000,18818.10000000,2.1624
1749261575,2.16160000,11663.50000000,2.1624
1749261575,2.16150000,12654.30000000,2.1624
1749261575,2.16140000,17465.80000000,2.1624
1749261575,2.16130000,16597.50000000,2.1624
1749261575,2.16120000,18684.50000000,2.1624
1749261575,2.16110000,9011.40000000,2.1624
1749261575,2.16100000,6941.40000000,2.1624
1749261575,2.16090000,19872.90000000,2.1624
1749261575,2.16080000,5750.00000000,2.1624
1749261575,2.16070000,13643.00000000,2.1624
1749261575,2.16060000,21801.80000000,2.1624
1749261575,2.16050000,4565.20000000,2.1624
1749261575,2.16040000,14002.00000000,2.1624
1749261575,2.16030000,6904.10000000,2.1624
1749261575,2.16020000,6678.20000000,2.1624
1749261575,2.16010000,2913.30000000,2.1624
1749261575,2.16000000,6523.20000000,2.1624
1749261575,2.15990000,8075.30000000,2.1624
1749261575,2.15980000,14500.50000000,2.1624
1749261575,2.15970000,24567.10000000,2.1624
1749261575,2.15960000,16425.90000000,2.1624
1749261575,2.15950000,19558.90000000,2.1624
1749261575,2.15940000,11401.40000000,2.1624
1749261575,2.15930000,13216.20000000,2.1624
1749261575,2.15920000,11510.10000000,2.1624
1749261575,2.15910000,16085.70000000,2.1624
1749261575,2.15900000,26139.60000000,2.1624
1749261575,2.15890000,11771.40000000,2.1624
1749261575,2.15880000,15314.20000000,2.1624
1749261575,2.15870000,9608.50000000,2.1624
1749261575,2.15860000,24289.00000000,2.1624
1749261575,2.15850000,15909.80000000,2.1624
1749261575,2.15840000,14507.50000000,2.1624
1749261575,2.15830000,11803.30000000,2.1624
1749261575,2.15820000,8539.00000000,2.1624
1749261575,2.15810000,13756.40000000,2.1624
1749261575,2.15800000,937.10000000,2.1624
1749261575,2.15790000,5440.50000000,2.1624
1749261575,2.15780000,9827.70000000,2.1624
1749261575,2.15770000,10201.40000000,2.1624
1749261575,2.15760000,14633.00000000,2.1624
1749261575,2.15750000,38227.30000000,2.1624
1749261575,2.15740000,3942.40000000,2.1624
1749261575,2.15730000,4.70000000,2.1624
1749261575,2.15720000,2662.30000000,2.1624
1749261575,2.15710000,3020.20000000,2.1624
1749261575,2.15700000,8152.70000000,2.1624
1749261575,2.15690000,13901.00000000,2.1624
1749261575,2.15680000,53.30000000,2.1624
1749261575,2.15670000,9546.20000000,2.1624
1749261575,2.15660000,2205.90000000,2.1624
1749261575,2.15650000,2567.40000000,2.1624
1749261575,2.15640000,2351.60000000,2.1624
1749261575,2.15630000,2568.70000000,2.1624
1749261575,2.15620000,16012.00000000,2.1624
1749261575,2.15610000,76104.00000000,2.1624
1749261575,2.15600000,2891.30000000,2.1624
1749261575,2.15590000,13922.50000000,2.1624
1749261575,2.15580000,10860.30000000,2.1624
1749261575,2.15570000,1139.00000000,2.1624
1749261575,2.15560000,2724.00000000,2.1624
1749261575,2.15550000,8011.80000000,2.1624
1749261575,2.15540000,17403.60000000,2.1624
1749261575,2.15530000,2572.40000000,2.1624
1749261575,2.15520000,3987.50000000,2.1624
1749261575,2.15510000,2360.40000000,2.1624
1749261575,2.15500000,2574.20000000,2.1624
1749261575,2.15490000,12584.80000000,2.1624
1749261575,2.15480000,6194.10000000,2.1624
1749261575,2.15470000,9609.50000000,2.1624
1749261575,2.15460000,12287.60000000,2.1624
1749261575,2.15450000,52.20000000,2.1624
1749261575,2.15440000,2590.90000000,2.1624
1749261575,2.15430000,2295.00000000,2.1624
1749261575,2.15420000,2756.20000000,2.1624
1749261575,2.15410000,6194.70000000,2.1624
1749261575,2.15400000,117398.90000000,2.1624
1749261575,2.15390000,5912.80000000,2.1624
1749261575,2.15380000,51.20000000,2.1624
1749261575,2.15370000,2560.40000000,2.1624
1749261575,2.15360000,103.60000000,2.1624
1749261575,2.15350000,8.20000000,2.1624
1749261575,2.15340000,3964.80000000,2.1624
1749261575,2.15330000,110.70000000,2.1624
1749261575,2.15320000,5819.70000000,2.1624
1749261575,2.15310000,3925.00000000,2.1624
1749261575,2.15300000,18.20000000,2.1624
1749261575,2.15290000,113.40000000,2.1624
1749261575,2.15280000,1668.30000000,2.1624
1749261575,2.15270000,2.50000000,2.1624
1749261575,2.15260000,195.00000000,2.1624
1749261575,2.15250000,8949.00000000,2.1624
1749261575,2.15240000,142420.10000000,2.1624
1749261886,2.16000000,12815.50000000,2.1601
1749261886,2.15990000,2823.20000000,2.1601
1749261886,2.15980000,6255.70000000,2.1601
1749261886,2.15970000,7470.90000000,2.1601
1749261886,2.15960000,12830.70000000,2.1601
1749261886,2.15950000,17557.70000000,2.1601
1749261886,2.15940000,11565.80000000,2.1601
1749261886,2.15930000,13129.10000000,2.1601
1749261886,2.15920000,5420.10000000,2.1601
1749261886,2.15910000,13851.20000000,2.1601
1749261886,2.15900000,20977.70000000,2.1601
1749261886,2.15890000,13634.80000000,2.1601
1749261886,2.15880000,8289.20000000,2.1601
1749261886,2.15870000,14898.40000000,2.1601
1749261886,2.15860000,10333.90000000,2.1601
1749261886,2.15850000,19897.30000000,2.1601
1749261886,2.15840000,12457.50000000,2.1601
1749261886,2.15830000,13488.30000000,2.1601
1749261886,2.15820000,11334.00000000,2.1601
1749261886,2.15810000,5773.10000000,2.1601
1749261886,2.15800000,1472.40000000,2.1601
1749261886,2.15790000,7096.10000000,2.1601
1749261886,2.15780000,12326.50000000,2.1601
1749261886,2.15770000,14801.70000000,2.1601
1749261886,2.15760000,22843.30000000,2.1601
1749261886,2.15750000,14611.70000000,2.1601
1749261886,2.15740000,14579.30000000,2.1601
1749261886,2.15730000,10860.00000000,2.1601
1749261886,2.15720000,14292.10000000,2.1601
1749261886,2.15710000,18064.50000000,2.1601
1749261886,2.15700000,24239.20000000,2.1601
1749261886,2.15690000,22544.90000000,2.1601
1749261886,2.15680000,2928.80000000,2.1601
1749261886,2.15670000,10187.40000000,2.1601
1749261886,2.15660000,5893.90000000,2.1601
1749261886,2.15650000,14818.20000000,2.1601
1749261886,2.15640000,8753.20000000,2.1601
1749261886,2.15630000,30598.90000000,2.1601
1749261886,2.15620000,45137.00000000,2.1601
1749261886,2.15610000,76983.50000000,2.1601
1749261886,2.15600000,3924.50000000,2.1601
1749261886,2.15590000,4941.40000000,2.1601
1749261886,2.15580000,18070.10000000,2.1601
1749261886,2.15570000,2547.90000000,2.1601
1749261886,2.15560000,4915.60000000,2.1601
1749261886,2.15550000,11984.50000000,2.1601
1749261886,2.15540000,13242.20000000,2.1601
1749261886,2.15530000,2572.40000000,2.1601
1749261886,2.15520000,6562.50000000,2.1601
1749261886,2.15510000,2360.40000000,2.1601
1749261886,2.15500000,2574.20000000,2.1601
1749261886,2.15490000,12799.50000000,2.1601
1749261886,2.15480000,6210.50000000,2.1601
1749261886,2.15470000,9534.30000000,2.1601
1749261886,2.15460000,9778.80000000,2.1601
1749261886,2.15450000,4085.40000000,2.1601
1749261886,2.15440000,35831.20000000,2.1601
1749261886,2.15430000,4802.40000000,2.1601
1749261886,2.15420000,16653.70000000,2.1601
1749261886,2.15410000,6568.10000000,2.1601
1749261886,2.15400000,119832.50000000,2.1601
1749261886,2.15390000,5991.80000000,2.1601
1749261886,2.15380000,3993.50000000,2.1601
1749261886,2.15370000,2303.40000000,2.1601
1749261886,2.15360000,2507.80000000,2.1601
1749261886,2.15350000,12.90000000,2.1601
1749261886,2.15340000,6464.60000000,2.1601
1749261886,2.15330000,2514.60000000,2.1601
1749261886,2.15320000,5989.70000000,2.1601
1749261886,2.15310000,13344.90000000,2.1601
1749261886,2.15300000,2292.00000000,2.1601
1749261886,2.15290000,327.00000000,2.1601
1749261886,2.15280000,6450.10000000,2.1601
1749261886,2.15270000,7.20000000,2.1601
1749261886,2.15260000,2490.10000000,2.1601
1749261886,2.15250000,10435.20000000,2.1601
1749261886,2.15240000,145110.30000000,2.1601
1749261886,2.15230000,3885.00000000,2.1601
1749261886,2.15220000,4184.00000000,2.1601
1749261886,2.15210000,330.70000000,2.1601
1749261886,2.15200000,201.00000000,2.1601
1749261886,2.15190000,2320.10000000,2.1601
1749261886,2.15180000,5812.40000000,2.1601
1749261886,2.15170000,86.30000000,2.1601
1749261886,2.15160000,12973.20000000,2.1601
1749261886,2.15150000,28.90000000,2.1601
1749261886,2.15140000,489.80000000,2.1601
1749261886,2.15130000,2085.00000000,2.1601
1749261886,2.15120000,55.90000000,2.1601
1749261886,2.15110000,46.20000000,2.1601
1749261886,2.15100000,7522.80000000,2.1601
1749261886,2.15090000,3332.60000000,2.1601
1749261886,2.15080000,28.40000000,2.1601
1749261886,2.15070000,69.50000000,2.1601
1749261886,2.15060000,933.00000000,2.1601
1749261886,2.15050000,336.90000000,2.1601
1749261886,2.15040000,66.60000000,2.1601
1749261886,2.15030000,5917.20000000,2.1601
1749261886,2.15020000,3239.90000000,2.1601
1749261886,2.15010000,23.40000000,2.1601
1749262188,2.15980000,18271.90000000,2.1599
1749262188,2.15970000,6736.70000000,2.1599
1749262188,2.15960000,8866.30000000,2.1599
1749262188,2.15950000,9224.30000000,2.1599
1749262188,2.15940000,11134.90000000,2.1599
1749262188,2.15930000,6254.90000000,2.1599
1749262188,2.15920000,11899.70000000,2.1599
1749262188,2.15910000,9430.10000000,2.1599
1749262188,2.15900000,8605.70000000,2.1599
1749262188,2.15890000,13529.00000000,2.1599
1749262188,2.15880000,15361.20000000,2.1599
1749262188,2.15870000,18772.10000000,2.1599
1749262188,2.15860000,20055.60000000,2.1599
1749262188,2.15850000,8572.20000000,2.1599
1749262188,2.15840000,13395.30000000,2.1599
1749262188,2.15830000,8502.00000000,2.1599
1749262188,2.15820000,8884.00000000,2.1599
1749262188,2.15810000,13942.80000000,2.1599
1749262188,2.15800000,21488.10000000,2.1599
1749262188,2.15790000,23657.90000000,2.1599
1749262188,2.15780000,7345.00000000,2.1599
1749262188,2.15770000,9795.10000000,2.1599
1749262188,2.15760000,8856.90000000,2.1599
1749262188,2.15750000,5864.90000000,2.1599
1749262188,2.15740000,6171.70000000,2.1599
1749262188,2.15730000,3204.30000000,2.1599
1749262188,2.15720000,10535.80000000,2.1599
1749262188,2.15710000,10013.80000000,2.1599
1749262188,2.15700000,17647.30000000,2.1599
1749262188,2.15690000,21466.10000000,2.1599
1749262188,2.15680000,7620.60000000,2.1599
1749262188,2.15670000,12976.30000000,2.1599
1749262188,2.15660000,5262.60000000,2.1599
1749262188,2.15650000,10681.00000000,2.1599
1749262188,2.15640000,13906.60000000,2.1599
1749262188,2.15630000,13194.50000000,2.1599
1749262188,2.15620000,37784.30000000,2.1599
1749262188,2.15610000,15466.30000000,2.1599
1749262188,2.15600000,8559.40000000,2.1599
1749262188,2.15590000,3711.00000000,2.1599
1749262188,2.15580000,18790.90000000,2.1599
1749262188,2.15570000,2547.90000000,2.1599
1749262188,2.15560000,5191.80000000,2.1599
1749262188,2.15550000,11986.90000000,2.1599
1749262188,2.15540000,13756.10000000,2.1599
1749262188,2.15530000,5141.20000000,2.1599
1749262188,2.15520000,8191.10000000,2.1599
1749262188,2.15510000,6125.10000000,2.1599
1749262188,2.15500000,10146.00000000,2.1599
1749262188,2.15490000,6945.70000000,2.1599
1749262188,2.15480000,6194.10000000,2.1599
1749262188,2.15470000,10150.60000000,2.1599
1749262188,2.15460000,26647.80000000,2.1599
1749262188,2.15450000,2641.00000000,2.1599
1749262188,2.15440000,19.20000000,2.1599
1749262188,2.15430000,4821.20000000,2.1599
1749262188,2.15420000,2735.70000000,2.1599
1749262188,2.15410000,6163.90000000,2.1599
1749262188,2.15400000,17539.50000000,2.1599
1749262188,2.15390000,5991.80000000,2.1599
1749262188,2.15380000,3970.90000000,2.1599
1749262188,2.15370000,72989.40000000,2.1599
1749262188,2.15360000,2507.80000000,2.1599
1749262188,2.15350000,59.20000000,2.1599
1749262188,2.15340000,14872.10000000,2.1599
1749262188,2.15330000,2612.40000000,2.1599
1749262188,2.15320000,5989.70000000,2.1599
1749262188,2.15310000,8141.30000000,2.1599
1749262188,2.15300000,240.70000000,2.1599
1749262188,2.15290000,38491.70000000,2.1599
1749262188,2.15280000,3968.00000000,2.1599
1749262188,2.15270000,2437.00000000,2.1599
1749262188,2.15260000,6991.10000000,2.1599
1749262188,2.15250000,24815.70000000,2.1599
1749262188,2.15240000,142424.80000000,2.1599
1749262188,2.15230000,110607.90000000,2.1599
1749262188,2.15220000,3965.40000000,2.1599
1749262188,2.15210000,107.40000000,2.1599
1749262188,2.15200000,201.00000000,2.1599
1749262188,2.15190000,2320.10000000,2.1599
1749262188,2.15180000,5809.20000000,2.1599
1749262188,2.15170000,86.30000000,2.1599
1749262188,2.15160000,12879.40000000,2.1599
1749262188,2.15150000,28.90000000,2.1599
1749262188,2.15140000,489.80000000,2.1599
1749262188,2.15130000,4636.50000000,2.1599
1749262188,2.15120000,55.90000000,2.1599
1749262188,2.15110000,46.20000000,2.1599
1749262188,2.15100000,7522.80000000,2.1599
1749262188,2.15090000,3332.60000000,2.1599
1749262188,2.15080000,28.40000000,2.1599
1749262188,2.15070000,69.50000000,2.1599
1749262188,2.15060000,3.00000000,2.1599
1749262188,2.15050000,350.70000000,2.1599
1749262188,2.15040000,1729.90000000,2.1599
1749262188,2.15030000,5818.20000000,2.1599
1749262188,2.15020000,3239.90000000,2.1599
1749262188,2.15010000,23.40000000,2.1599
1749262188,2.15000000,16857.70000000,2.1599
1749262188,2.14990000,196.00000000,2.1599
1749262489,2.16360000,34128.40000000,2.1637
1749262489,2.16350000,27958.20000000,2.1637
1749262489,2.16340000,24939.50000000,2.1637
1749262489,2.16330000,24568.50000000,2.1637
1749262489,2.16320000,8571.20000000,2.1637
1749262489,2.16310000,8664.20000000,2.1637
1749262489,2.16300000,12901.70000000,2.1637
1749262489,2.16290000,20968.70000000,2.1637
1749262489,2.16280000,13436.00000000,2.1637
1749262489,2.16270000,3576.40000000,2.1637
1749262489,2.16260000,4190.10000000,2.1637
1749262489,2.16250000,3354.90000000,2.1637
1749262489,2.16240000,10319.20000000,2.1637
1749262489,2.16230000,11206.70000000,2.1637
1749262489,2.16220000,15358.70000000,2.1637
1749262489,2.16210000,24564.10000000,2.1637
1749262489,2.16200000,21311.60000000,2.1637
1749262489,2.16190000,1571.60000000,2.1637
1749262489,2.16180000,7700.30000000,2.1637
1749262489,2.16170000,14617.60000000,2.1637
1749262489,2.16160000,5803.20000000,2.1637
1749262489,2.16150000,9165.10000000,2.1637
1749262489,2.16140000,7647.10000000,2.1637
1749262489,2.16130000,3796.10000000,2.1637
1749262489,2.16120000,9546.40000000,2.1637
1749262489,2.16110000,18467.80000000,2.1637
1749262489,2.16100000,14504.90000000,2.1637
1749262489,2.16090000,9067.60000000,2.1637
1749262489,2.16080000,13302.40000000,2.1637
1749262489,2.16070000,11892.10000000,2.1637
1749262489,2.16060000,13539.60000000,2.1637
1749262489,2.16050000,12774.50000000,2.1637
1749262489,2.16040000,11022.00000000,2.1637
1749262489,2.16030000,21714.50000000,2.1637
1749262489,2.16020000,21985.40000000,2.1637
1749262489,2.16010000,16054.50000000,2.1637
1749262489,2.16000000,14340.50000000,2.1637
1749262489,2.15990000,24375.60000000,2.1637
1749262489,2.15980000,8589.60000000,2.1637
1749262489,2.15970000,1114.20000000,2.1637
1749262489,2.15960000,6973.50000000,2.1637
1749262489,2.15950000,21080.20000000,2.1637
1749262489,2.15940000,17948.00000000,2.1637
1749262489,2.15930000,4508.50000000,2.1637
1749262489,2.15920000,18057.80000000,2.1637
1749262489,2.15910000,46638.60000000,2.1637
1749262489,2.15900000,5200.40000000,2.1637
1749262489,2.15890000,1027.40000000,2.1637
1749262489,2.15880000,3384.20000000,2.1637
1749262489,2.15870000,12295.00000000,2.1637
1749262489,2.15860000,9412.00000000,2.1637
1749262489,2.15850000,4697.70000000,2.1637
1749262489,2.15840000,6592.10000000,2.1637
1749262489,2.15830000,495.60000000,2.1637
1749262489,2.15820000,9744.70000000,2.1637
1749262489,2.15810000,4968.90000000,2.1637
1749262489,2.15800000,4763.10000000,2.1637
1749262489,2.15790000,10091.40000000,2.1637
1749262489,2.15780000,4864.90000000,2.1637
1749262489,2.15770000,5813.90000000,2.1637
1749262489,2.15760000,7646.00000000,2.1637
1749262489,2.15750000,17583.30000000,2.1637
1749262489,2.15740000,5781.60000000,2.1637
1749262489,2.15730000,2107.50000000,2.1637
1749262489,2.15720000,8218.70000000,2.1637
1749262489,2.15710000,9620.20000000,2.1637
1749262489,2.15700000,12270.90000000,2.1637
1749262489,2.15690000,16239.40000000,2.1637
1749262489,2.15680000,936.00000000,2.1637
1749262489,2.15670000,14104.50000000,2.1637
1749262489,2.15660000,552.40000000,2.1637
1749262489,2.15650000,2569.80000000,2.1637
1749262489,2.15640000,5116.00000000,2.1637
1749262489,2.15630000,2408.60000000,2.1637
1749262489,2.15620000,18402.70000000,2.1637
1749262489,2.15610000,5239.20000000,2.1637
1749262489,2.15600000,2805.60000000,2.1637
1749262489,2.15590000,709.20000000,2.1637
1749262489,2.15580000,7002.20000000,2.1637
1749262489,2.15570000,742.20000000,2.1637
1749262489,2.15560000,9.70000000,2.1637
1749262489,2.15550000,5535.20000000,2.1637
1749262489,2.15540000,83461.00000000,2.1637
1749262489,2.15530000,93.10000000,2.1637
1749262489,2.15520000,3980.40000000,2.1637
1749262489,2.15510000,13.00000000,2.1637
1749262489,2.15500000,60.30000000,2.1637
1749262489,2.15490000,8145.80000000,2.1637
1749262489,2.15480000,5874.70000000,2.1637
1749262489,2.15470000,106917.00000000,2.1637
1749262489,2.15460000,7479.10000000,2.1637
1749262489,2.15450000,978.10000000,2.1637
1749262489,2.15440000,60.70000000,2.1637
1749262489,2.15430000,2.40000000,2.1637
1749262489,2.15420000,255.80000000,2.1637
1749262489,2.15410000,3693.40000000,2.1637
1749262489,2.15400000,8192.90000000,2.1637
1749262489,2.15390000,5912.80000000,2.1637
1749262489,2.15380000,5.00000000,2.1637
1749262489,2.15370000,3.70000000,2.1637
1749262791,2.16480000,19156.50000000,2.1649
1749262791,2.16470000,2050.30000000,2.1649
1749262791,2.16460000,3748.60000000,2.1649
1749262791,2.16450000,8292.50000000,2.1649
1749262791,2.16440000,11227.80000000,2.1649
1749262791,2.16430000,16539.40000000,2.1649
1749262791,2.16420000,10811.80000000,2.1649
1749262791,2.16410000,15296.40000000,2.1649
1749262791,2.16400000,19613.00000000,2.1649
1749262791,2.16390000,19630.90000000,2.1649
1749262791,2.16380000,8404.20000000,2.1649
1749262791,2.16370000,10674.00000000,2.1649
1749262791,2.16360000,5842.50000000,2.1649
1749262791,2.16350000,8100.90000000,2.1649
1749262791,2.16340000,4220.60000000,2.1649
1749262791,2.16330000,6800.80000000,2.1649
1749262791,2.16320000,8076.40000000,2.1649
1749262791,2.16310000,21840.20000000,2.1649
1749262791,2.16300000,21635.80000000,2.1649
1749262791,2.16290000,7816.80000000,2.1649
1749262791,2.16280000,7084.10000000,2.1649
1749262791,2.16270000,12485.10000000,2.1649
1749262791,2.16260000,4267.00000000,2.1649
1749262791,2.16250000,8477.70000000,2.1649
1749262791,2.16240000,17541.90000000,2.1649
1749262791,2.16230000,9809.70000000,2.1649
1749262791,2.16220000,17847.00000000,2.1649
1749262791,2.16210000,11920.30000000,2.1649
1749262791,2.16200000,14775.50000000,2.1649
1749262791,2.16190000,11458.10000000,2.1649
1749262791,2.16180000,19260.80000000,2.1649
1749262791,2.16170000,22490.30000000,2.1649
1749262791,2.16160000,14670.10000000,2.1649
1749262791,2.16150000,12056.50000000,2.1649
1749262791,2.16140000,13430.80000000,2.1649
1749262791,2.16130000,28136.80000000,2.1649
1749262791,2.16120000,8332.40000000,2.1649
1749262791,2.16110000,8819.70000000,2.1649
1749262791,2.16100000,11691.80000000,2.1649
1749262791,2.16090000,13562.60000000,2.1649
1749262791,2.16080000,15224.50000000,2.1649
1749262791,2.16070000,20118.20000000,2.1649
1749262791,2.16060000,2111.90000000,2.1649
1749262791,2.16050000,5717.10000000,2.1649
1749262791,2.16040000,4510.00000000,2.1649
1749262791,2.16030000,14550.90000000,2.1649
1749262791,2.16020000,5706.50000000,2.1649
1749262791,2.16010000,9734.00000000,2.1649
1749262791,2.16000000,2445.10000000,2.1649
1749262791,2.15990000,926.20000000,2.1649
1749262791,2.15980000,77122.90000000,2.1649
1749262791,2.15970000,1108.40000000,2.1649
1749262791,2.15960000,2434.10000000,2.1649
1749262791,2.15950000,6275.90000000,2.1649
1749262791,2.15940000,17250.70000000,2.1649
1749262791,2.15930000,38090.80000000,2.1649
1749262791,2.15920000,17750.30000000,2.1649
1749262791,2.15910000,80.20000000,2.1649
1749262791,2.15900000,5204.40000000,2.1649
1749262791,2.15890000,12.10000000,2.1649
1749262791,2.15880000,2465.10000000,2.1649
1749262791,2.15870000,12063.40000000,2.1649
1749262791,2.15860000,9412.00000000,2.1649
1749262791,2.15850000,9240.10000000,2.1649
1749262791,2.15840000,6608.50000000,2.1649
1749262791,2.15830000,293.70000000,2.1649
1749262791,2.15820000,115816.40000000,2.1649
1749262791,2.15810000,4750.40000000,2.1649
1749262791,2.15800000,3280.80000000,2.1649
1749262791,2.15790000,9983.40000000,2.1649
1749262791,2.15780000,2337.30000000,2.1649
1749262791,2.15770000,8262.30000000,2.1649
1749262791,2.15760000,5087.30000000,2.1649
1749262791,2.15750000,4748.00000000,2.1649
1749262791,2.15740000,327.60000000,2.1649
1749262791,2.15730000,2495.30000000,2.1649
1749262791,2.15720000,4811.10000000,2.1649
1749262791,2.15710000,5065.80000000,2.1649
1749262791,2.15700000,8298.20000000,2.1649
1749262791,2.15690000,14901.20000000,2.1649
1749262791,2.15680000,61.90000000,2.1649
1749262791,2.15670000,4699.60000000,2.1649
1749262791,2.15660000,2850.70000000,2.1649
1749262791,2.15650000,138769.60000000,2.1649
1749262791,2.15640000,13.20000000,2.1649
1749262791,2.15630000,2295.00000000,2.1649
1749262791,2.15620000,16004.90000000,2.1649
1749262791,2.15610000,557.50000000,2.1649
1749262791,2.15600000,440.60000000,2.1649
1749262791,2.15590000,57.20000000,2.1649
1749262791,2.15580000,4.90000000,2.1649
1749262791,2.15570000,508.20000000,2.1649
1749262791,2.15560000,9.70000000,2.1649
1749262791,2.15550000,5312.70000000,2.1649
1749262791,2.15540000,5806.80000000,2.1649
1749262791,2.15530000,93.10000000,2.1649
1749262791,2.15520000,1685.40000000,2.1649
1749262791,2.15510000,13.00000000,2.1649
1749262791,2.15500000,157.10000000,2.1649
1749262791,2.15490000,5850.80000000,2.1649
1749263092,2.16670000,13759.30000000,2.1668
1749263092,2.16660000,11426.40000000,2.1668
1749263092,2.16650000,13540.00000000,2.1668
1749263092,2.16640000,18820.10000000,2.1668
1749263092,2.16630000,20612.30000000,2.1668
1749263092,2.16620000,23235.90000000,2.1668
1749263092,2.16610000,28000.40000000,2.1668
1749263092,2.16600000,21484.60000000,2.1668
1749263092,2.16590000,16214.80000000,2.1668
1749263092,2.16580000,13461.80000000,2.1668
1749263092,2.16570000,23123.50000000,2.1668
1749263092,2.16560000,7455.10000000,2.1668
1749263092,2.16550000,2498.20000000,2.1668
1749263092,2.16540000,7043.50000000,2.1668
1749263092,2.16530000,4443.80000000,2.1668
1749263092,2.16520000,17062.00000000,2.1668
1749263092,2.16510000,2777.10000000,2.1668
1749263092,2.16500000,2425.30000000,2.1668
1749263092,2.16490000,6456.40000000,2.1668
1749263092,2.16480000,13302.70000000,2.1668
1749263092,2.16470000,9355.60000000,2.1668
1749263092,2.16460000,14003.90000000,2.1668
1749263092,2.16450000,18703.20000000,2.1668
1749263092,2.16440000,18682.10000000,2.1668
1749263092,2.16430000,14457.20000000,2.1668
1749263092,2.16420000,7095.60000000,2.1668
1749263092,2.16410000,3359.70000000,2.1668
1749263092,2.16400000,4787.70000000,2.1668
1749263092,2.16390000,23336.90000000,2.1668
1749263092,2.16380000,26394.40000000,2.1668
1749263092,2.16370000,19378.40000000,2.1668
1749263092,2.16360000,10396.00000000,2.1668
1749263092,2.16350000,3666.00000000,2.1668
1749263092,2.16340000,3992.70000000,2.1668
1749263092,2.16330000,5264.40000000,2.1668
1749263092,2.16320000,5743.80000000,2.1668
1749263092,2.16310000,21856.30000000,2.1668
1749263092,2.16300000,23053.40000000,2.1668
1749263092,2.16290000,9134.60000000,2.1668
1749263092,2.16280000,4665.70000000,2.1668
1749263092,2.16270000,8616.20000000,2.1668
1749263092,2.16260000,15987.10000000,2.1668
1749263092,2.16250000,13000.40000000,2.1668
1749263092,2.16240000,23045.60000000,2.1668
1749263092,2.16230000,5564.30000000,2.1668
1749263092,2.16220000,13112.00000000,2.1668
1749263092,2.16210000,6633.80000000,2.1668
1749263092,2.16200000,4718.40000000,2.1668
1749263092,2.16190000,6163.10000000,2.1668
1749263092,2.16180000,19996.60000000,2.1668
1749263092,2.16170000,14457.00000000,2.1668
1749263092,2.16160000,5800.60000000,2.1668
1749263092,2.16150000,8623.80000000,2.1668
1749263092,2.16140000,5876.90000000,2.1668
1749263092,2.16130000,27210.20000000,2.1668
1749263092,2.16120000,4625.30000000,2.1668
1749263092,2.16110000,5192.90000000,2.1668
1749263092,2.16100000,9041.40000000,2.1668
1749263092,2.16090000,2469.30000000,2.1668
1749263092,2.16080000,9270.30000000,2.1668
1749263092,2.16070000,2889.40000000,2.1668
1749263092,2.16060000,50.80000000,2.1668
1749263092,2.16050000,4798.00000000,2.1668
1749263092,2.16040000,2775.10000000,2.1668
1749263092,2.16030000,14278.90000000,2.1668
1749263092,2.16020000,5660.30000000,2.1668
1749263092,2.16010000,9734.00000000,2.1668
1749263092,2.16000000,2513.80000000,2.1668
1749263092,2.15990000,53.20000000,2.1668
1749263092,2.15980000,77122.90000000,2.1668
1749263092,2.15970000,21.10000000,2.1668
1749263092,2.15960000,2611.00000000,2.1668
1749263092,2.15950000,6275.90000000,2.1668
1749263092,2.15940000,17296.80000000,2.1668
1749263092,2.15930000,36570.30000000,2.1668
1749263092,2.15920000,2437.00000000,2.1668
1749263092,2.15910000,10.90000000,2.1668
1749263092,2.15900000,5199.70000000,2.1668
1749263092,2.15890000,13892.40000000,2.1668
1749263092,2.15880000,2460.40000000,2.1668
1749263092,2.15870000,12097.50000000,2.1668
1749263092,2.15860000,9407.30000000,2.1668
1749263092,2.15850000,9235.50000000,2.1668
1749263092,2.15840000,6590.40000000,2.1668
1749263092,2.15830000,303.20000000,2.1668
1749263092,2.15820000,113679.00000000,2.1668
1749263092,2.15810000,2297.40000000,2.1668
1749263092,2.15800000,3276.10000000,2.1668
1749263092,2.15790000,7430.20000000,2.1668
1749263092,2.15780000,2301.00000000,2.1668
1749263092,2.15770000,5809.20000000,2.1668
1749263092,2.15760000,5085.30000000,2.1668
1749263092,2.15750000,2512.40000000,2.1668
1749263092,2.15740000,105.50000000,2.1668
1749263092,2.15730000,46.20000000,2.1668
1749263092,2.15720000,108.30000000,2.1668
1749263092,2.15710000,464.40000000,2.1668
1749263092,2.15700000,5855.40000000,2.1668
1749263092,2.15690000,3251.90000000,2.1668
1749263092,2.15680000,4.80000000,2.1668
1749263394,2.16870000,24029.70000000,2.1687
1749263394,2.16860000,16678.50000000,2.1687
1749263394,2.16850000,16658.90000000,2.1687
1749263394,2.16840000,12873.00000000,2.1687
1749263394,2.16830000,13415.10000000,2.1687
1749263394,2.16820000,40552.10000000,2.1687
1749263394,2.16810000,32129.80000000,2.1687
1749263394,2.16800000,20428.80000000,2.1687
1749263394,2.16790000,3337.10000000,2.1687
1749263394,2.16780000,12888.70000000,2.1687
1749263394,2.16770000,8133.50000000,2.1687
1749263394,2.16760000,14338.90000000,2.1687
1749263394,2.16750000,17237.10000000,2.1687
1749263394,2.16740000,11128.60000000,2.1687
1749263394,2.16730000,13473.90000000,2.1687
1749263394,2.16720000,7950.60000000,2.1687
1749263394,2.16710000,6770.30000000,2.1687
1749263394,2.16700000,3072.70000000,2.1687
1749263394,2.16690000,7202.70000000,2.1687
1749263394,2.16680000,19736.30000000,2.1687
1749263394,2.16670000,22228.40000000,2.1687
1749263394,2.16660000,11046.70000000,2.1687
1749263394,2.16650000,7362.70000000,2.1687
1749263394,2.16640000,9516.30000000,2.1687
1749263394,2.16630000,8714.60000000,2.1687
1749263394,2.16620000,12893.10000000,2.1687
1749263394,2.16610000,12558.70000000,2.1687
1749263394,2.16600000,19790.00000000,2.1687
1749263394,2.16590000,5014.70000000,2.1687
1749263394,2.16580000,6947.30000000,2.1687
1749263394,2.16570000,8982.70000000,2.1687
1749263394,2.16560000,9570.30000000,2.1687
1749263394,2.16550000,5382.90000000,2.1687
1749263394,2.16540000,10586.10000000,2.1687
1749263394,2.16530000,13647.10000000,2.1687
1749263394,2.16520000,12024.80000000,2.1687
1749263394,2.16510000,3837.10000000,2.1687
1749263394,2.16500000,6608.40000000,2.1687
1749263394,2.16490000,7720.70000000,2.1687
1749263394,2.16480000,14389.90000000,2.1687
1749263394,2.16470000,9832.80000000,2.1687
1749263394,2.16460000,24009.20000000,2.1687
1749263394,2.16450000,14932.60000000,2.1687
1749263394,2.16440000,10866.50000000,2.1687
1749263394,2.16430000,7582.20000000,2.1687
1749263394,2.16420000,5000.10000000,2.1687
1749263394,2.16410000,4127.20000000,2.1687
1749263394,2.16400000,7351.10000000,2.1687
1749263394,2.16390000,18125.10000000,2.1687
1749263394,2.16380000,12937.30000000,2.1687
1749263394,2.16370000,13956.20000000,2.1687
1749263394,2.16360000,2264.10000000,2.1687
1749263394,2.16350000,9531.00000000,2.1687
1749263394,2.16340000,2095.20000000,2.1687
1749263394,2.16330000,4715.80000000,2.1687
1749263394,2.16320000,4571.00000000,2.1687
1749263394,2.16310000,18950.60000000,2.1687
1749263394,2.16300000,34685.20000000,2.1687
1749263394,2.16290000,7.10000000,2.1687
1749263394,2.16280000,2419.80000000,2.1687
1749263394,2.16270000,2345.80000000,2.1687
1749263394,2.16260000,3001.30000000,2.1687
1749263394,2.16250000,1551.00000000,2.1687
1749263394,2.16240000,15191.60000000,2.1687
1749263394,2.16230000,50.80000000,2.1687
1749263394,2.16220000,23858.70000000,2.1687
1749263394,2.16210000,5084.70000000,2.1687
1749263394,2.16200000,4715.80000000,2.1687
1749263394,2.16190000,50.80000000,2.1687
1749263394,2.16180000,2469.30000000,2.1687
1749263394,2.16170000,13184.50000000,2.1687
1749263394,2.16160000,36796.40000000,2.1687
1749263394,2.16150000,83643.70000000,2.1687
1749263394,2.16140000,5187.60000000,2.1687
1749263394,2.16130000,2552.50000000,2.1687
1749263394,2.16120000,4671.40000000,2.1687
1749263394,2.16110000,5195.60000000,2.1687
1749263394,2.16100000,9036.70000000,2.1687
1749263394,2.16090000,2422.60000000,2.1687
1749263394,2.16080000,9265.60000000,2.1687
1749263394,2.16070000,2901.10000000,2.1687
1749263394,2.16060000,46.10000000,2.1687
1749263394,2.16050000,4718.30000000,2.1687
1749263394,2.16040000,745.00000000,2.1687
1749263394,2.16030000,17461.70000000,2.1687
1749263394,2.16020000,3232.30000000,2.1687
1749263394,2.16010000,9729.30000000,2.1687
1749263394,2.16000000,468.70000000,2.1687
1749263394,2.15990000,262.70000000,2.1687
1749263394,2.15980000,4145.60000000,2.1687
1749263394,2.15950000,6271.20000000,2.1687
1749263394,2.15940000,15090.10000000,2.1687
1749263394,2.15930000,2390.50000000,2.1687
1749263394,2.15920000,2.40000000,2.1687
1749263394,2.15910000,225.90000000,2.1687
1749263394,2.15900000,572.00000000,2.1687
1749263394,2.15890000,19.60000000,2.1687
1749263394,2.15880000,27.70000000,2.1687
1749263394,2.15870000,12081.10000000,2.1687
1749263394,2.15860000,5.10000000,2.1687
1749263695,2.16760000,3004.20000000,2.1676
1749263695,2.16750000,8554.10000000,2.1676
1749263695,2.16740000,9651.00000000,2.1676
1749263695,2.16730000,3629.50000000,2.1676
1749263695,2.16720000,9283.70000000,2.1676
1749263695,2.16710000,18207.50000000,2.1676
1749263695,2.16700000,17506.20000000,2.1676
1749263695,2.16690000,14779.90000000,2.1676
1749263695,2.16680000,24704.50000000,2.1676
1749263695,2.16670000,7379.60000000,2.1676
1749263695,2.16660000,17754.40000000,2.1676
1749263695,2.16650000,7217.40000000,2.1676
1749263695,2.16640000,4809.80000000,2.1676
1749263695,2.16630000,10889.90000000,2.1676
1749263695,2.16620000,12033.30000000,2.1676
1749263695,2.16610000,13488.10000000,2.1676
1749263695,2.16600000,15972.00000000,2.1676
1749263695,2.16590000,18547.10000000,2.1676
1749263695,2.16580000,8169.90000000,2.1676
1749263695,2.16570000,23175.40000000,2.1676
1749263695,2.16560000,13885.10000000,2.1676
1749263695,2.16550000,13369.50000000,2.1676
1749263695,2.16540000,7452.60000000,2.1676
1749263695,2.16530000,9224.00000000,2.1676
1749263695,2.16520000,10705.50000000,2.1676
1749263695,2.16510000,3870.40000000,2.1676
1749263695,2.16500000,4004.70000000,2.1676
1749263695,2.16490000,4193.20000000,2.1676
1749263695,2.16480000,14510.40000000,2.1676
1749263695,2.16470000,8394.10000000,2.1676
1749263695,2.16460000,16301.40000000,2.1676
1749263695,2.16450000,16296.40000000,2.1676
1749263695,2.16440000,11317.10000000,2.1676
1749263695,2.16430000,16807.20000000,2.1676
1749263695,2.16420000,19899.00000000,2.1676
1749263695,2.16410000,14688.90000000,2.1676
1749263695,2.16400000,12267.70000000,2.1676
1749263695,2.16390000,17282.50000000,2.1676
1749263695,2.16380000,8093.30000000,2.1676
1749263695,2.16370000,12168.40000000,2.1676
1749263695,2.16360000,1233.70000000,2.1676
1749263695,2.16350000,3844.50000000,2.1676
1749263695,2.16340000,3579.70000000,2.1676
1749263695,2.16330000,16017.90000000,2.1676
1749263695,2.16320000,22669.40000000,2.1676
1749263695,2.16310000,42478.00000000,2.1676
1749263695,2.16300000,18384.30000000,2.1676
1749263695,2.16290000,3073.20000000,2.1676
1749263695,2.16280000,9385.80000000,2.1676
1749263695,2.16270000,3239.00000000,2.1676
1749263695,2.16260000,3046.60000000,2.1676
1749263695,2.16250000,5052.90000000,2.1676
1749263695,2.16240000,14673.60000000,2.1676
1749263695,2.16230000,512.40000000,2.1676
1749263695,2.16220000,9394.90000000,2.1676
1749263695,2.16210000,5084.70000000,2.1676
1749263695,2.16200000,4715.80000000,2.1676
1749263695,2.16190000,4.70000000,2.1676
1749263695,2.16180000,2469.30000000,2.1676
1749263695,2.16170000,13184.50000000,2.1676
1749263695,2.16160000,2423.80000000,2.1676
1749263695,2.16150000,85491.10000000,2.1676
1749263695,2.16140000,6619.80000000,2.1676
1749263695,2.16130000,2552.50000000,2.1676
1749263695,2.16120000,4671.40000000,2.1676
1749263695,2.16110000,5195.60000000,2.1676
1749263695,2.16100000,9041.40000000,2.1676
1749263695,2.16090000,2427.30000000,2.1676
1749263695,2.16080000,9270.30000000,2.1676
1749263695,2.16070000,3063.60000000,2.1676
1749263695,2.16060000,107104.20000000,2.1676
1749263695,2.16050000,4798.00000000,2.1676
1749263695,2.16040000,14663.60000000,2.1676
1749263695,2.16030000,17466.00000000,2.1676
1749263695,2.16020000,5668.40000000,2.1676
1749263695,2.16010000,43911.50000000,2.1676
1749263695,2.16000000,2904.80000000,2.1676
1749263695,2.15990000,216.60000000,2.1676
1749263695,2.15980000,6796.40000000,2.1676
1749263695,2.15970000,104.20000000,2.1676
1749263695,2.15960000,2448.50000000,2.1676
1749263695,2.15950000,8698.80000000,2.1676
1749263695,2.15940000,14862.20000000,2.1676
1749263695,2.15930000,2600.80000000,2.1676
1749263695,2.15920000,2.40000000,2.1676
1749263695,2.15910000,225.90000000,2.1676
1749263695,2.15900000,2867.00000000,2.1676
1749263695,2.15890000,19.60000000,2.1676
1749263695,2.15880000,27.70000000,2.1676
1749263695,2.15870000,12081.10000000,2.1676
1749263695,2.15860000,5.10000000,2.1676
1749263695,2.15840000,1855.90000000,2.1676
1749263695,2.15830000,88.80000000,2.1676
1749263695,2.15820000,6440.70000000,2.1676
1749263695,2.15810000,2.40000000,2.1676
1749263695,2.15800000,3293.50000000,2.1676
1749263695,2.15790000,462.00000000,2.1676
1749263695,2.15780000,6.00000000,2.1676
1749263695,2.15770000,5814.80000000,2.1676
1749263695,2.15760000,467.30000000,2.1676
1749263997,2.16700000,7930.20000000,2.1671
1749263997,2.16690000,3424.10000000,2.1671
1749263997,2.16680000,15423.80000000,2.1671
1749263997,2.16670000,19155.20000000,2.1671
1749263997,2.16660000,5979.10000000,2.1671
1749263997,2.16650000,13288.40000000,2.1671
1749263997,2.16640000,9628.90000000,2.1671
1749263997,2.16630000,20067.00000000,2.1671
1749263997,2.16620000,15685.30000000,2.1671
1749263997,2.16610000,12020.60000000,2.1671
1749263997,2.16600000,12317.60000000,2.1671
1749263997,2.16590000,15373.00000000,2.1671
1749263997,2.16580000,5606.60000000,2.1671
1749263997,2.16570000,9233.00000000,2.1671
1749263997,2.16560000,7562.70000000,2.1671
1749263997,2.16550000,5988.90000000,2.1671
1749263997,2.16540000,16824.70000000,2.1671
1749263997,2.16530000,9155.60000000,2.1671
1749263997,2.16520000,10702.90000000,2.1671
1749263997,2.16510000,4308.80000000,2.1671
1749263997,2.16500000,8560.60000000,2.1671
1749263997,2.16490000,17904.10000000,2.1671
1749263997,2.16480000,13022.70000000,2.1671
1749263997,2.16470000,8239.20000000,2.1671
1749263997,2.16460000,13957.20000000,2.1671
1749263997,2.16450000,17394.20000000,2.1671
1749263997,2.16440000,9752.20000000,2.1671
1749263997,2.16430000,15711.10000000,2.1671
1749263997,2.16420000,17264.20000000,2.1671
1749263997,2.16410000,12766.50000000,2.1671
1749263997,2.16400000,17442.60000000,2.1671
1749263997,2.16390000,23467.20000000,2.1671
1749263997,2.16380000,15765.70000000,2.1671
1749263997,2.16370000,22043.00000000,2.1671
1749263997,2.16360000,5714.20000000,2.1671
1749263997,2.16350000,7592.80000000,2.1671
1749263997,2.16340000,5083.90000000,2.1671
1749263997,2.16330000,5903.90000000,2.1671
1749263997,2.16320000,11489.40000000,2.1671
1749263997,2.16310000,43674.00000000,2.1671
1749263997,2.16300000,30260.60000000,2.1671
1749263997,2.16290000,1096.00000000,2.1671
1749263997,2.16280000,4422.40000000,2.1671
1749263997,2.16270000,9944.80000000,2.1671
1749263997,2.16260000,5442.30000000,2.1671
1749263997,2.16250000,14155.30000000,2.1671
1749263997,2.16240000,14690.00000000,2.1671
1749263997,2.16230000,3607.80000000,2.1671
1749263997,2.16220000,21173.60000000,2.1671
1749263997,2.16210000,40676.90000000,2.1671
1749263997,2.16200000,4715.80000000,2.1671
1749263997,2.16190000,466.30000000,2.1671
1749263997,2.16180000,2581.10000000,2.1671
1749263997,2.16170000,13184.50000000,2.1671
1749263997,2.16160000,3401.30000000,2.1671
1749263997,2.16150000,85923.50000000,2.1671
1749263997,2.16140000,6638.80000000,2.1671
1749263997,2.16130000,2552.50000000,2.1671
1749263997,2.16120000,4625.30000000,2.1671
1749263997,2.16110000,5195.60000000,2.1671
1749263997,2.16100000,9041.40000000,2.1671
1749263997,2.16090000,2644.40000000,2.1671
1749263997,2.16080000,9270.30000000,2.1671
1749263997,2.16070000,2889.40000000,2.1671
1749263997,2.16060000,107087.80000000,2.1671
1749263997,2.16050000,4723.00000000,2.1671
1749263997,2.16040000,788.10000000,2.1671
1749263997,2.16030000,31514.10000000,2.1671
1749263997,2.16020000,5325.70000000,2.1671
1749263997,2.16010000,11840.20000000,2.1671
1749263997,2.16000000,2244.50000000,2.1671
1749263997,2.15990000,655.00000000,2.1671
1749263997,2.15980000,6569.30000000,2.1671
1749263997,2.15970000,108.90000000,2.1671
1749263997,2.15960000,2419.90000000,2.1671
1749263997,2.15950000,10005.90000000,2.1671
1749263997,2.15940000,15847.10000000,2.1671
1749263997,2.15930000,1087.40000000,2.1671
1749263997,2.15920000,4712.60000000,2.1671
1749263997,2.15910000,8.70000000,2.1671
1749263997,2.15900000,2987.20000000,2.1671
1749263997,2.15890000,19.60000000,2.1671
1749263997,2.15880000,36.90000000,2.1671
1749263997,2.15870000,9797.00000000,2.1671
1749263997,2.15860000,2300.10000000,2.1671
1749263997,2.15840000,1855.90000000,2.1671
1749263997,2.15830000,2383.80000000,2.1671
1749263997,2.15820000,6416.50000000,2.1671
1749263997,2.15810000,2.40000000,2.1671
1749263997,2.15800000,5588.50000000,2.1671
1749263997,2.15790000,2530.10000000,2.1671
1749263997,2.15780000,6.00000000,2.1671
1749263997,2.15770000,5814.80000000,2.1671
1749263997,2.15760000,467.30000000,2.1671
1749263997,2.15740000,14.30000000,2.1671
1749263997,2.15730000,46.20000000,2.1671
1749263997,2.15720000,108.30000000,2.1671
1749263997,2.15710000,468.20000000,2.1671
1749263997,2.15700000,5855.40000000,2.1671
1749263997,2.15690000,3251.90000000,2.1671
1749264304,2.16600000,6994.40000000,2.1661
1749264304,2.16590000,10299.00000000,2.1661
1749264304,2.16580000,19435.80000000,2.1661
1749264304,2.16570000,15616.70000000,2.1661
1749264304,2.16560000,5450.60000000,2.1661
1749264304,2.16550000,8317.90000000,2.1661
1749264304,2.16540000,9415.80000000,2.1661
1749264304,2.16530000,14125.40000000,2.1661
1749264304,2.16520000,31750.20000000,2.1661
1749264304,2.16510000,16302.50000000,2.1661
1749264304,2.16500000,15699.10000000,2.1661
1749264304,2.16490000,9915.90000000,2.1661
1749264304,2.16480000,20159.90000000,2.1661
1749264304,2.16470000,5072.70000000,2.1661
1749264304,2.16460000,16240.90000000,2.1661
1749264304,2.16450000,14487.20000000,2.1661
1749264304,2.16440000,4860.40000000,2.1661
1749264304,2.16430000,15013.80000000,2.1661
1749264304,2.16420000,6607.70000000,2.1661
1749264304,2.16410000,10413.70000000,2.1661
1749264304,2.16400000,13372.30000000,2.1661
1749264304,2.16390000,25705.40000000,2.1661
1749264304,2.16380000,10688.20000000,2.1661
1749264304,2.16370000,12288.90000000,2.1661
1749264304,2.16360000,980.20000000,2.1661
1749264304,2.16350000,3359.40000000,2.1661
1749264304,2.16340000,4231.70000000,2.1661
1749264304,2.16330000,10332.00000000,2.1661
1749264304,2.16320000,14111.20000000,2.1661
1749264304,2.16310000,29288.80000000,2.1661
1749264304,2.16300000,26717.40000000,2.1661
1749264304,2.16290000,7338.20000000,2.1661
1749264304,2.16280000,14141.60000000,2.1661
1749264304,2.16270000,9314.60000000,2.1661
1749264304,2.16260000,9098.50000000,2.1661
1749264304,2.16250000,8705.80000000,2.1661
1749264304,2.16240000,16084.40000000,2.1661
1749264304,2.16230000,2892.40000000,2.1661
1749264304,2.16220000,12590.40000000,2.1661
1749264304,2.16210000,9782.90000000,2.1661
1749264304,2.16200000,9586.30000000,2.1661
1749264304,2.16190000,2611.50000000,2.1661
1749264304,2.16180000,10042.60000000,2.1661
1749264304,2.16170000,29857.80000000,2.1661
1749264304,2.16160000,26567.00000000,2.1661
1749264304,2.16150000,106680.50000000,2.1661
1749264304,2.16140000,16028.50000000,2.1661
1749264304,2.16130000,3940.10000000,2.1661
1749264304,2.16120000,6184.00000000,2.1661
1749264304,2.16110000,5657.20000000,2.1661
1749264304,2.16100000,9041.40000000,2.1661
1749264304,2.16090000,3346.40000000,2.1661
1749264304,2.16080000,9270.30000000,2.1661
1749264304,2.16070000,2935.60000000,2.1661
1749264304,2.16060000,141219.20000000,2.1661
1749264304,2.16050000,4814.40000000,2.1661
1749264304,2.16040000,773.80000000,2.1661
1749264304,2.16030000,26898.90000000,2.1661
1749264304,2.16020000,5325.70000000,2.1661
1749264304,2.16010000,11840.20000000,2.1661
1749264304,2.16000000,2244.50000000,2.1661
1749264304,2.15990000,655.00000000,2.1661
1749264304,2.15980000,6569.30000000,2.1661
1749264304,2.15970000,108.90000000,2.1661
1749264304,2.15960000,2419.90000000,2.1661
1749264304,2.15950000,11422.40000000,2.1661
1749264304,2.15940000,17291.30000000,2.1661
1749264304,2.15930000,1092.10000000,2.1661
1749264304,2.15920000,4767.00000000,2.1661
1749264304,2.15910000,2191.20000000,2.1661
1749264304,2.15900000,2690.30000000,2.1661
1749264304,2.15890000,2540.90000000,2.1661
1749264304,2.15880000,2344.00000000,2.1661
1749264304,2.15870000,11791.30000000,2.1661
1749264304,2.15860000,2718.20000000,2.1661
1749264304,2.15850000,6947.10000000,2.1661
1749264304,2.15840000,1948.70000000,2.1661
1749264304,2.15830000,5012.50000000,2.1661
1749264304,2.15820000,6454.90000000,2.1661
1749264304,2.15810000,2411.80000000,2.1661
1749264304,2.15800000,6113.10000000,2.1661
1749264304,2.15790000,462.00000000,2.1661
1749264304,2.15780000,6.00000000,2.1661
1749264304,2.15770000,8109.80000000,2.1661
1749264304,2.15760000,467.30000000,2.1661
1749264304,2.15740000,2537.50000000,2.1661
1749264304,2.15730000,46.20000000,2.1661
1749264304,2.15720000,108.30000000,2.1661
1749264304,2.15710000,468.20000000,2.1661
1749264304,2.15700000,5855.40000000,2.1661
1749264304,2.15690000,3251.90000000,2.1661
1749264304,2.15680000,15.80000000,2.1661
1749264304,2.15670000,23.80000000,2.1661
1749264304,2.15660000,1483.10000000,2.1661
1749264304,2.15650000,138769.60000000,2.1661
1749264304,2.15640000,120.40000000,2.1661
1749264304,2.15630000,4.00000000,2.1661
1749264304,2.15620000,9042.10000000,2.1661
1749264304,2.15610000,557.50000000,2.1661
1749264304,2.15600000,97.10000000,2.1661
1749264605,2.16950000,18769.80000000,2.1696
1749264605,2.16940000,18526.00000000,2.1696
1749264605,2.16930000,18756.40000000,2.1696
1749264605,2.16920000,22317.60000000,2.1696
1749264605,2.16910000,31408.00000000,2.1696
1749264605,2.16900000,18374.20000000,2.1696
1749264605,2.16890000,31878.50000000,2.1696
1749264605,2.16880000,23537.30000000,2.1696
1749264605,2.16870000,10230.50000000,2.1696
1749264605,2.16860000,11775.20000000,2.1696
1749264605,2.16850000,12325.70000000,2.1696
1749264605,2.16840000,8559.40000000,2.1696
1749264605,2.16830000,18528.60000000,2.1696
1749264605,2.16820000,17088.60000000,2.1696
1749264605,2.16810000,12858.70000000,2.1696
1749264605,2.16800000,8227.40000000,2.1696
1749264605,2.16790000,7766.30000000,2.1696
1749264605,2.16780000,8250.90000000,2.1696
1749264605,2.16770000,7108.40000000,2.1696
1749264605,2.16760000,8165.80000000,2.1696
1749264605,2.16750000,24912.80000000,2.1696
1749264605,2.16740000,15224.00000000,2.1696
1749264605,2.16730000,14435.10000000,2.1696
1749264605,2.16720000,17482.40000000,2.1696
1749264605,2.16710000,26059.50000000,2.1696
1749264605,2.16700000,2950.20000000,2.1696
1749264605,2.16690000,4591.40000000,2.1696
1749264605,2.16680000,9187.30000000,2.1696
1749264605,2.16670000,21374.90000000,2.1696
1749264605,2.16660000,18600.50000000,2.1696
1749264605,2.16650000,12984.40000000,2.1696
1749264605,2.16640000,9030.40000000,2.1696
1749264605,2.16630000,7193.40000000,2.1696
1749264605,2.16620000,13004.90000000,2.1696
1749264605,2.16610000,16907.20000000,2.1696
1749264605,2.16600000,21561.40000000,2.1696
1749264605,2.16590000,12113.80000000,2.1696
1749264605,2.16580000,6785.90000000,2.1696
1749264605,2.16570000,11759.40000000,2.1696
1749264605,2.16560000,12675.70000000,2.1696
1749264605,2.16550000,4400.80000000,2.1696
1749264605,2.16540000,9366.60000000,2.1696
1749264605,2.16530000,12607.40000000,2.1696
1749264605,2.16520000,12473.00000000,2.1696
1749264605,2.16510000,11350.70000000,2.1696
1749264605,2.16500000,5114.30000000,2.1696
1749264605,2.16490000,7978.20000000,2.1696
1749264605,2.16480000,17249.50000000,2.1696
1749264605,2.16470000,12742.00000000,2.1696
1749264605,2.16460000,17363.60000000,2.1696
1749264605,2.16450000,12693.50000000,2.1696
1749264605,2.16440000,925.70000000,2.1696
1749264605,2.16430000,3614.00000000,2.1696
1749264605,2.16420000,4841.20000000,2.1696
1749264605,2.16410000,3170.00000000,2.1696
1749264605,2.16400000,78.50000000,2.1696
1749264605,2.16390000,13327.20000000,2.1696
1749264605,2.16380000,3330.10000000,2.1696
1749264605,2.16370000,11849.00000000,2.1696
1749264605,2.16360000,12.20000000,2.1696
1749264605,2.16350000,2879.30000000,2.1696
1749264605,2.16340000,53.90000000,2.1696
1749264605,2.16330000,4732.20000000,2.1696
1749264605,2.16320000,471.50000000,2.1696
1749264605,2.16310000,11450.60000000,2.1696
1749264605,2.16300000,19174.60000000,2.1696
1749264605,2.16290000,16.10000000,2.1696
1749264605,2.16280000,2419.80000000,2.1696
1749264605,2.16270000,2345.80000000,2.1696
1749264605,2.16260000,37296.80000000,2.1696
1749264605,2.16250000,4659.30000000,2.1696
1749264605,2.16240000,13754.50000000,2.1696
1749264605,2.16230000,7.60000000,2.1696
1749264605,2.16220000,9994.90000000,2.1696
1749264605,2.16210000,5084.70000000,2.1696
1749264605,2.16200000,4784.90000000,2.1696
1749264605,2.16190000,16275.60000000,2.1696
1749264605,2.16180000,2517.80000000,2.1696
1749264605,2.16170000,13179.80000000,2.1696
1749264605,2.16160000,2471.40000000,2.1696
1749264605,2.16150000,83598.50000000,2.1696
1749264605,2.16140000,5178.40000000,2.1696
1749264605,2.16130000,378.80000000,2.1696
1749264605,2.16120000,4883.40000000,2.1696
1749264605,2.16110000,2777.40000000,2.1696
1749264605,2.16100000,9225.40000000,2.1696
1749264605,2.16090000,2063.40000000,2.1696
1749264605,2.16080000,9503.10000000,2.1696
1749264605,2.16070000,462.00000000,2.1696
1749264605,2.16060000,107037.00000000,2.1696
1749264605,2.16050000,2295.00000000,2.1696
1749264605,2.16040000,1027.50000000,2.1696
1749264605,2.16030000,6001.60000000,2.1696
1749264605,2.16020000,5527.30000000,2.1696
1749264605,2.16010000,513.70000000,2.1696
1749264605,2.16000000,576.50000000,2.1696
1749264605,2.15990000,96.00000000,2.1696
1749264605,2.15980000,1854.00000000,2.1696
1749264605,2.15970000,972.20000000,2.1696
1749264605,2.15960000,138757.50000000,2.1696
1749264907,2.17140000,3365.20000000,2.1712
1749264907,2.17130000,5719.60000000,2.1712
1749264907,2.17120000,20365.10000000,2.1712
1749264907,2.17110000,18153.10000000,2.1712
1749264907,2.17100000,33911.50000000,2.1712
1749264907,2.17090000,13366.90000000,2.1712
1749264907,2.17080000,21262.10000000,2.1712
1749264907,2.17070000,26990.70000000,2.1712
1749264907,2.17060000,8967.20000000,2.1712
1749264907,2.17050000,14109.30000000,2.1712
1749264907,2.17040000,22586.20000000,2.1712
1749264907,2.17030000,10622.80000000,2.1712
1749264907,2.17020000,10057.40000000,2.1712
1749264907,2.17010000,8220.20000000,2.1712
1749264907,2.17000000,8214.40000000,2.1712
1749264907,2.16990000,2606.00000000,2.1712
1749264907,2.16980000,6823.30000000,2.1712
1749264907,2.16970000,6689.20000000,2.1712
1749264907,2.16960000,12953.60000000,2.1712
1749264907,2.16950000,16943.40000000,2.1712
1749264907,2.16940000,19911.10000000,2.1712
1749264907,2.16930000,8794.40000000,2.1712
1749264907,2.16920000,10791.00000000,2.1712
1749264907,2.16910000,29888.80000000,2.1712
1749264907,2.16900000,12671.90000000,2.1712
1749264907,2.16890000,11712.70000000,2.1712
1749264907,2.16880000,14987.90000000,2.1712
1749264907,2.16870000,21180.40000000,2.1712
1749264907,2.16860000,15740.60000000,2.1712
1749264907,2.16850000,13374.40000000,2.1712
1749264907,2.16840000,11791.00000000,2.1712
1749264907,2.16830000,10825.20000000,2.1712
1749264907,2.16820000,10349.90000000,2.1712
1749264907,2.16810000,11549.00000000,2.1712
1749264907,2.16800000,8455.20000000,2.1712
1749264907,2.16790000,7231.40000000,2.1712
1749264907,2.16780000,11201.40000000,2.1712
1749264907,2.16770000,8658.70000000,2.1712
1749264907,2.16760000,7770.10000000,2.1712
1749264907,2.16750000,18289.70000000,2.1712
1749264907,2.16740000,24874.20000000,2.1712
1749264907,2.16730000,11398.50000000,2.1712
1749264907,2.16720000,4990.00000000,2.1712
1749264907,2.16710000,10372.00000000,2.1712
1749264907,2.16700000,3802.80000000,2.1712
1749264907,2.16690000,4431.70000000,2.1712
1749264907,2.16680000,12181.90000000,2.1712
1749264907,2.16670000,23444.70000000,2.1712
1749264907,2.16660000,13237.20000000,2.1712
1749264907,2.16650000,11828.30000000,2.1712
1749264907,2.16640000,2348.10000000,2.1712
1749264907,2.16630000,2972.30000000,2.1712
1749264907,2.16620000,3928.80000000,2.1712
1749264907,2.16610000,2761.70000000,2.1712
1749264907,2.16600000,11467.80000000,2.1712
1749264907,2.16590000,6975.30000000,2.1712
1749264907,2.16580000,4710.20000000,2.1712
1749264907,2.16570000,4622.70000000,2.1712
1749264907,2.16560000,2876.50000000,2.1712
1749264907,2.16550000,54.20000000,2.1712
1749264907,2.16540000,4753.20000000,2.1712
1749264907,2.16530000,10942.90000000,2.1712
1749264907,2.16520000,9476.30000000,2.1712
1749264907,2.16510000,2306.70000000,2.1712
1749264907,2.16500000,2702.00000000,2.1712
1749264907,2.16490000,2869.20000000,2.1712
1749264907,2.16480000,16527.90000000,2.1712
1749264907,2.16470000,34228.30000000,2.1712
1749264907,2.16460000,11912.30000000,2.1712
1749264907,2.16450000,11699.40000000,2.1712
1749264907,2.16440000,56.70000000,2.1712
1749264907,2.16430000,7501.20000000,2.1712
1749264907,2.16420000,2348.20000000,2.1712
1749264907,2.16410000,2434.70000000,2.1712
1749264907,2.16400000,241.80000000,2.1712
1749264907,2.16390000,13327.20000000,2.1712
1749264907,2.16380000,6554.90000000,2.1712
1749264907,2.16370000,10871.00000000,2.1712
1749264907,2.16360000,7.50000000,2.1712
1749264907,2.16350000,16729.70000000,2.1712
1749264907,2.16340000,49.20000000,2.1712
1749264907,2.16330000,4711.10000000,2.1712
1749264907,2.16320000,71012.80000000,2.1712
1749264907,2.16310000,9036.70000000,2.1712
1749264907,2.16300000,120922.80000000,2.1712
1749264907,2.16290000,11.40000000,2.1712
1749264907,2.16270000,2341.10000000,2.1712
1749264907,2.16260000,699.20000000,2.1712
1749264907,2.16250000,99.50000000,2.1712
1749264907,2.16240000,11337.00000000,2.1712
1749264907,2.16230000,105.80000000,2.1712
1749264907,2.16220000,26.80000000,2.1712
1749264907,2.16210000,7384.30000000,2.1712
1749264907,2.16190000,46.10000000,2.1712
1749264907,2.16180000,51.20000000,2.1712
1749264907,2.16170000,11810.00000000,2.1712
1749264907,2.16160000,4.80000000,2.1712
1749264907,2.16150000,5991.20000000,2.1712
1749264907,2.16140000,470.50000000,2.1712
1749264907,2.16130000,135.50000000,2.1712
1749265208,2.17000000,9113.00000000,2.1701
1749265208,2.16990000,1455.10000000,2.1701
1749265208,2.16980000,4502.80000000,2.1701
1749265208,2.16970000,2077.90000000,2.1701
1749265208,2.16960000,13407.50000000,2.1701
1749265208,2.16950000,35315.80000000,2.1701
1749265208,2.16940000,20005.00000000,2.1701
1749265208,2.16930000,8150.60000000,2.1701
1749265208,2.16920000,6411.60000000,2.1701
1749265208,2.16910000,8404.40000000,2.1701
1749265208,2.16900000,18974.50000000,2.1701
1749265208,2.16890000,6466.10000000,2.1701
1749265208,2.16880000,17694.10000000,2.1701
1749265208,2.16870000,17215.00000000,2.1701
1749265208,2.16860000,13328.30000000,2.1701
1749265208,2.16850000,8768.00000000,2.1701
1749265208,2.16840000,5892.20000000,2.1701
1749265208,2.16830000,5736.10000000,2.1701
1749265208,2.16820000,12174.30000000,2.1701
1749265208,2.16810000,12106.30000000,2.1701
1749265208,2.16800000,11201.30000000,2.1701
1749265208,2.16790000,12221.70000000,2.1701
1749265208,2.16780000,9536.20000000,2.1701
1749265208,2.16770000,14876.40000000,2.1701
1749265208,2.16760000,18038.10000000,2.1701
1749265208,2.16750000,27302.50000000,2.1701
1749265208,2.16740000,23204.20000000,2.1701
1749265208,2.16730000,22101.60000000,2.1701
1749265208,2.16720000,13400.80000000,2.1701
1749265208,2.16710000,8872.80000000,2.1701
1749265208,2.16700000,6249.60000000,2.1701
1749265208,2.16690000,4778.00000000,2.1701
1749265208,2.16680000,7381.60000000,2.1701
1749265208,2.16670000,23152.50000000,2.1701
1749265208,2.16660000,22371.70000000,2.1701
1749265208,2.16650000,4193.90000000,2.1701
1749265208,2.16640000,5202.90000000,2.1701
1749265208,2.16630000,5296.40000000,2.1701
1749265208,2.16620000,4865.40000000,2.1701
1749265208,2.16610000,8952.80000000,2.1701
1749265208,2.16600000,14039.70000000,2.1701
1749265208,2.16590000,11246.20000000,2.1701
1749265208,2.16580000,13021.40000000,2.1701
1749265208,2.16570000,13963.70000000,2.1701
1749265208,2.16560000,3072.90000000,2.1701
1749265208,2.16550000,1480.20000000,2.1701
1749265208,2.16540000,15698.50000000,2.1701
1749265208,2.16530000,9503.40000000,2.1701
1749265208,2.16520000,9476.30000000,2.1701
1749265208,2.16510000,2306.70000000,2.1701
1749265208,2.16500000,4131.30000000,2.1701
1749265208,2.16490000,73415.20000000,2.1701
1749265208,2.16480000,15927.90000000,2.1701
1749265208,2.16470000,34228.30000000,2.1701
1749265208,2.16460000,11912.30000000,2.1701
1749265208,2.16450000,11302.60000000,2.1701
1749265208,2.16440000,56.70000000,2.1701
1749265208,2.16430000,4414.20000000,2.1701
1749265208,2.16420000,6317.10000000,2.1701
1749265208,2.16410000,4.70000000,2.1701
1749265208,2.16400000,2590.10000000,2.1701
1749265208,2.16390000,10891.50000000,2.1701
1749265208,2.16380000,5868.30000000,2.1701
1749265208,2.16370000,12117.40000000,2.1701
1749265208,2.16360000,12.20000000,2.1701
1749265208,2.16350000,3000.10000000,2.1701
1749265208,2.16340000,2587.40000000,2.1701
1749265208,2.16330000,16160.00000000,2.1701
1749265208,2.16320000,2999.40000000,2.1701
1749265208,2.16310000,11102.00000000,2.1701
1749265208,2.16300000,123461.10000000,2.1701
1749265208,2.16290000,2538.30000000,2.1701
1749265208,2.16280000,4.70000000,2.1701
1749265208,2.16270000,4871.60000000,2.1701
1749265208,2.16260000,703.90000000,2.1701
1749265208,2.16250000,7233.50000000,2.1701
1749265208,2.16240000,11344.70000000,2.1701
1749265208,2.16230000,105.80000000,2.1701
1749265208,2.16220000,29.20000000,2.1701
1749265208,2.16210000,471.30000000,2.1701
1749265208,2.16200000,138.70000000,2.1701
1749265208,2.16190000,46.10000000,2.1701
1749265208,2.16180000,2346.20000000,2.1701
1749265208,2.16170000,11810.00000000,2.1701
1749265208,2.16160000,4.80000000,2.1701
1749265208,2.16150000,8286.20000000,2.1701
1749265208,2.16140000,470.50000000,2.1701
1749265208,2.16130000,135.50000000,2.1701
1749265208,2.16120000,53.90000000,2.1701
1749265208,2.16110000,482.40000000,2.1701
1749265208,2.16100000,9048.60000000,2.1701
1749265208,2.16090000,2297.50000000,2.1701
1749265208,2.16080000,105.60000000,2.1701
1749265208,2.16070000,462.00000000,2.1701
1749265208,2.16050000,96.50000000,2.1701
1749265208,2.16040000,717.00000000,2.1701
1749265208,2.16030000,8193.60000000,2.1701
1749265208,2.16020000,3232.30000000,2.1701
1749265208,2.16010000,513.70000000,2.1701
1749265208,2.16000000,582.90000000,2.1701
1749265510,2.17150000,30034.60000000,2.1717
1749265510,2.17140000,25914.50000000,2.1717
1749265510,2.17130000,7183.50000000,2.1717
1749265510,2.17120000,8495.00000000,2.1717
1749265510,2.17110000,7011.30000000,2.1717
1749265510,2.17100000,17335.20000000,2.1717
1749265510,2.17090000,21191.10000000,2.1717
1749265510,2.17080000,15814.10000000,2.1717
1749265510,2.17070000,15401.30000000,2.1717
1749265510,2.17060000,7612.60000000,2.1717
1749265510,2.17050000,10756.40000000,2.1717
1749265510,2.17040000,5588.90000000,2.1717
1749265510,2.17030000,17027.30000000,2.1717
1749265510,2.17020000,18271.60000000,2.1717
1749265510,2.17010000,6122.80000000,2.1717
1749265510,2.17000000,10256.80000000,2.1717
1749265510,2.16990000,10107.40000000,2.1717
1749265510,2.16980000,16974.40000000,2.1717
1749265510,2.16970000,6322.40000000,2.1717
1749265510,2.16960000,6917.00000000,2.1717
1749265510,2.16950000,14260.30000000,2.1717
1749265510,2.16940000,9104.60000000,2.1717
1749265510,2.16930000,14869.50000000,2.1717
1749265510,2.16920000,12062.80000000,2.1717
1749265510,2.16910000,15672.00000000,2.1717
1749265510,2.16900000,14034.70000000,2.1717
1749265510,2.16890000,14711.80000000,2.1717
1749265510,2.16880000,14639.20000000,2.1717
1749265510,2.16870000,26438.60000000,2.1717
1749265510,2.16860000,19328.50000000,2.1717
1749265510,2.16850000,15291.10000000,2.1717
1749265510,2.16840000,12540.80000000,2.1717
1749265510,2.16830000,7788.20000000,2.1717
1749265510,2.16820000,14594.80000000,2.1717
1749265510,2.16810000,19751.90000000,2.1717
1749265510,2.16800000,15886.20000000,2.1717
1749265510,2.16790000,9731.20000000,2.1717
1749265510,2.16780000,4643.40000000,2.1717
1749265510,2.16770000,12962.20000000,2.1717
1749265510,2.16760000,21970.30000000,2.1717
1749265510,2.16750000,14273.40000000,2.1717
1749265510,2.16740000,20357.90000000,2.1717
1749265510,2.16730000,10127.20000000,2.1717
1749265510,2.16720000,2342.30000000,2.1717
1749265510,2.16710000,4703.70000000,2.1717
1749265510,2.16700000,1079.00000000,2.1717
1749265510,2.16690000,13295.00000000,2.1717
1749265510,2.16680000,34719.20000000,2.1717
1749265510,2.16670000,13959.20000000,2.1717
1749265510,2.16660000,12532.30000000,2.1717
1749265510,2.16650000,2877.10000000,2.1717
1749265510,2.16640000,3790.80000000,2.1717
1749265510,2.16630000,4542.40000000,2.1717
1749265510,2.16620000,2414.70000000,2.1717
1749265510,2.16610000,2807.70000000,2.1717
1749265510,2.16600000,11451.40000000,2.1717
1749265510,2.16590000,8841.80000000,2.1717
1749265510,2.16580000,2983.00000000,2.1717
1749265510,2.16570000,5303.00000000,2.1717
1749265510,2.16560000,3611.80000000,2.1717
1749265510,2.16550000,70.60000000,2.1717
1749265510,2.16540000,5116.10000000,2.1717
1749265510,2.16530000,9720.30000000,2.1717
1749265510,2.16520000,9714.70000000,2.1717
1749265510,2.16510000,2306.70000000,2.1717
1749265510,2.16500000,2750.70000000,2.1717
1749265510,2.16490000,75959.00000000,2.1717
1749265510,2.16480000,13379.00000000,2.1717
1749265510,2.16470000,16397.00000000,2.1717
1749265510,2.16460000,9110.50000000,2.1717
1749265510,2.16450000,11814.50000000,2.1717
1749265510,2.16440000,2440.00000000,2.1717
1749265510,2.16430000,7449.10000000,2.1717
1749265510,2.16420000,2608.30000000,2.1717
1749265510,2.16410000,337.00000000,2.1717
1749265510,2.16400000,62.10000000,2.1717
1749265510,2.16390000,13186.50000000,2.1717
1749265510,2.16380000,3412.50000000,2.1717
1749265510,2.16370000,6.20000000,2.1717
1749265510,2.16360000,2302.50000000,2.1717
1749265510,2.16350000,462.00000000,2.1717
1749265510,2.16340000,49.20000000,2.1717
1749265510,2.16330000,101.90000000,2.1717
1749265510,2.16320000,472.50000000,2.1717
1749265510,2.16310000,9036.70000000,2.1717
1749265510,2.16300000,109336.60000000,2.1717
1749265510,2.16290000,11.40000000,2.1717
1749265510,2.16280000,138757.50000000,2.1717
1749265510,2.16270000,2341.10000000,2.1717
1749265510,2.16260000,568.00000000,2.1717
1749265510,2.16250000,99.50000000,2.1717
1749265510,2.16240000,9045.00000000,2.1717
1749265510,2.16230000,2.90000000,2.1717
1749265510,2.16220000,2090.30000000,2.1717
1749265510,2.16210000,471.30000000,2.1717
1749265510,2.16200000,138.70000000,2.1717
1749265510,2.16190000,329.90000000,2.1717
1749265510,2.16180000,51.20000000,2.1717
1749265510,2.16170000,11810.00000000,2.1717
1749265510,2.16160000,4.80000000,2.1717
1749265811,2.16950000,7751.80000000,2.1696
1749265811,2.16940000,174.40000000,2.1696
1749265811,2.16930000,4676.80000000,2.1696
1749265811,2.16920000,4255.90000000,2.1696
1749265811,2.16910000,10596.30000000,2.1696
1749265811,2.16900000,17237.90000000,2.1696
1749265811,2.16890000,30033.90000000,2.1696
1749265811,2.16880000,11486.50000000,2.1696
1749265811,2.16870000,9150.10000000,2.1696
1749265811,2.16860000,17027.80000000,2.1696
1749265811,2.16850000,8106.20000000,2.1696
1749265811,2.16840000,7141.30000000,2.1696
1749265811,2.16830000,8832.60000000,2.1696
1749265811,2.16820000,17564.30000000,2.1696
1749265811,2.16810000,17558.20000000,2.1696
1749265811,2.16800000,13284.70000000,2.1696
1749265811,2.16790000,9734.70000000,2.1696
1749265811,2.16780000,6441.20000000,2.1696
1749265811,2.16770000,11672.90000000,2.1696
1749265811,2.16760000,9331.20000000,2.1696
1749265811,2.16750000,18146.10000000,2.1696
1749265811,2.16740000,18272.60000000,2.1696
1749265811,2.16730000,17933.90000000,2.1696
1749265811,2.16720000,13389.50000000,2.1696
1749265811,2.16710000,10477.60000000,2.1696
1749265811,2.16700000,9009.30000000,2.1696
1749265811,2.16690000,13279.00000000,2.1696
1749265811,2.16680000,13687.90000000,2.1696
1749265811,2.16670000,28143.20000000,2.1696
1749265811,2.16660000,23082.00000000,2.1696
1749265811,2.16650000,11609.90000000,2.1696
1749265811,2.16640000,10960.50000000,2.1696
1749265811,2.16630000,13224.90000000,2.1696
1749265811,2.16620000,5330.20000000,2.1696
1749265811,2.16610000,6970.10000000,2.1696
1749265811,2.16600000,16669.40000000,2.1696
1749265811,2.16590000,9878.00000000,2.1696
1749265811,2.16580000,4573.90000000,2.1696
1749265811,2.16570000,7478.60000000,2.1696
1749265811,2.16560000,9894.10000000,2.1696
1749265811,2.16550000,11482.80000000,2.1696
1749265811,2.16540000,16846.00000000,2.1696
1749265811,2.16530000,12987.00000000,2.1696
1749265811,2.16520000,10372.20000000,2.1696
1749265811,2.16510000,3131.90000000,2.1696
1749265811,2.16500000,22527.60000000,2.1696
1749265811,2.16490000,76172.80000000,2.1696
1749265811,2.16480000,7425.40000000,2.1696
1749265811,2.16470000,3970.80000000,2.1696
1749265811,2.16460000,9041.40000000,2.1696
1749265811,2.16450000,11814.50000000,2.1696
1749265811,2.16440000,2336.30000000,2.1696
1749265811,2.16430000,35170.30000000,2.1696
1749265811,2.16420000,6339.60000000,2.1696
1749265811,2.16410000,4.70000000,2.1696
1749265811,2.16400000,4061.80000000,2.1696
1749265811,2.16390000,13186.50000000,2.1696
1749265811,2.16380000,6114.50000000,2.1696
1749265811,2.16370000,341.50000000,2.1696
1749265811,2.16360000,4854.80000000,2.1696
1749265811,2.16350000,2955.60000000,2.1696
1749265811,2.16340000,58.60000000,2.1696
1749265811,2.16330000,5059.40000000,2.1696
1749265811,2.16320000,477.20000000,2.1696
1749265811,2.16310000,11580.50000000,2.1696
1749265811,2.16300000,109341.30000000,2.1696
1749265811,2.16290000,2555.80000000,2.1696
1749265811,2.16280000,138762.20000000,2.1696
1749265811,2.16270000,18839.60000000,2.1696
1749265811,2.16260000,3113.80000000,2.1696
1749265811,2.16250000,7325.90000000,2.1696
1749265811,2.16240000,11373.70000000,2.1696
1749265811,2.16230000,2542.40000000,2.1696
1749265811,2.16220000,33.90000000,2.1696
1749265811,2.16210000,532.60000000,2.1696
1749265811,2.16200000,143.40000000,2.1696
1749265811,2.16190000,334.60000000,2.1696
1749265811,2.16180000,2346.20000000,2.1696
1749265811,2.16170000,10884.80000000,2.1696
1749265811,2.16160000,4.80000000,2.1696
1749265811,2.16150000,8045.20000000,2.1696
1749265811,2.16140000,470.50000000,2.1696
1749265811,2.16130000,141.50000000,2.1696
1749265811,2.16120000,4412.20000000,2.1696
1749265811,2.16110000,580.90000000,2.1696
1749265811,2.16100000,9145.10000000,2.1696
1749265811,2.16090000,2391.10000000,2.1696
1749265811,2.16080000,12.00000000,2.1696
1749265811,2.16070000,462.00000000,2.1696
1749265811,2.16050000,54.50000000,2.1696
1749265811,2.16040000,717.00000000,2.1696
1749265811,2.16030000,5898.60000000,2.1696
1749265811,2.16020000,3232.30000000,2.1696
1749265811,2.16010000,513.70000000,2.1696
1749265811,2.16000000,582.90000000,2.1696
1749265811,2.15990000,2.40000000,2.1696
1749265811,2.15980000,2780.00000000,2.1696
1749265811,2.15970000,46.10000000,2.1696
1749265811,2.15950000,6447.70000000,2.1696
1749265811,2.15940000,3269.30000000,2.1696
1749266113,2.17300000,17425.50000000,2.173
1749266113,2.17290000,6724.60000000,2.173
1749266113,2.17280000,3276.20000000,2.173
1749266113,2.17270000,14052.00000000,2.173
1749266113,2.17260000,36111.80000000,2.173
1749266113,2.17250000,17653.80000000,2.173
1749266113,2.17240000,17817.80000000,2.173
1749266113,2.17230000,5474.70000000,2.173
1749266113,2.17220000,11378.10000000,2.173
1749266113,2.17210000,4217.50000000,2.173
1749266113,2.17200000,13777.60000000,2.173
1749266113,2.17190000,9751.00000000,2.173
1749266113,2.17180000,12621.00000000,2.173
1749266113,2.17170000,16550.60000000,2.173
1749266113,2.17160000,22955.10000000,2.173
1749266113,2.17150000,15688.00000000,2.173
1749266113,2.17140000,12191.20000000,2.173
1749266113,2.17130000,7298.90000000,2.173
1749266113,2.17120000,16360.40000000,2.173
1749266113,2.17110000,17767.80000000,2.173
1749266113,2.17100000,8939.10000000,2.173
1749266113,2.17090000,11411.30000000,2.173
1749266113,2.17080000,22749.80000000,2.173
1749266113,2.17070000,4415.40000000,2.173
1749266113,2.17060000,1672.10000000,2.173
1749266113,2.17050000,5357.70000000,2.173
1749266113,2.17040000,2440.90000000,2.173
1749266113,2.17030000,12280.50000000,2.173
1749266113,2.17020000,15910.40000000,2.173
1749266113,2.17010000,12632.70000000,2.173
1749266113,2.17000000,5061.40000000,2.173
1749266113,2.16990000,10463.60000000,2.173
1749266113,2.16980000,9142.70000000,2.173
1749266113,2.16970000,10043.80000000,2.173
1749266113,2.16960000,25196.20000000,2.173
1749266113,2.16950000,21099.50000000,2.173
1749266113,2.16940000,19633.10000000,2.173
1749266113,2.16930000,18381.70000000,2.173
1749266113,2.16920000,15637.50000000,2.173
1749266113,2.16910000,6965.30000000,2.173
1749266113,2.16900000,12886.30000000,2.173
1749266113,2.16890000,8306.20000000,2.173
1749266113,2.16880000,11584.30000000,2.173
1749266113,2.16870000,9650.70000000,2.173
1749266113,2.16860000,7367.00000000,2.173
1749266113,2.16850000,12295.60000000,2.173
1749266113,2.16840000,4671.30000000,2.173
1749266113,2.16830000,5370.80000000,2.173
1749266113,2.16820000,8679.60000000,2.173
1749266113,2.16810000,8210.70000000,2.173
1749266113,2.16800000,7423.30000000,2.173
1749266113,2.16790000,7371.40000000,2.173
1749266113,2.16780000,4891.20000000,2.173
1749266113,2.16770000,933.40000000,2.173
1749266113,2.16760000,2647.40000000,2.173
1749266113,2.16750000,10847.90000000,2.173
1749266113,2.16740000,9134.50000000,2.173
1749266113,2.16730000,11276.20000000,2.173
1749266113,2.16720000,12.10000000,2.173
1749266113,2.16710000,4703.70000000,2.173
1749266113,2.16700000,253.50000000,2.173
1749266113,2.16690000,2879.20000000,2.173
1749266113,2.16680000,541.70000000,2.173
1749266113,2.16670000,13745.50000000,2.173
1749266113,2.16660000,82539.90000000,2.173
1749266113,2.16650000,2877.10000000,2.173
1749266113,2.16640000,36479.60000000,2.173
1749266113,2.16630000,2695.20000000,2.173
1749266113,2.16620000,2414.70000000,2.173
1749266113,2.16610000,7362.90000000,2.173
1749266113,2.16600000,25290.70000000,2.173
1749266113,2.16590000,8841.80000000,2.173
1749266113,2.16580000,3029.00000000,2.173
1749266113,2.16570000,5303.00000000,2.173
1749266113,2.16560000,2993.80000000,2.173
1749266113,2.16550000,2386.00000000,2.173
1749266113,2.16540000,2492.70000000,2.173
1749266113,2.16530000,9647.10000000,2.173
1749266113,2.16520000,7063.70000000,2.173
1749266113,2.16510000,2302.00000000,2.173
1749266113,2.16500000,430.80000000,2.173
1749266113,2.16490000,3464.50000000,2.173
1749266113,2.16480000,13300.40000000,2.173
1749266113,2.16470000,2057.70000000,2.173
1749266113,2.16460000,9036.70000000,2.173
1749266113,2.16450000,9362.00000000,2.173
1749266113,2.16440000,52.00000000,2.173
1749266113,2.16430000,462.00000000,2.173
1749266113,2.16420000,141.90000000,2.173
1749266113,2.16400000,57.40000000,2.173
1749266113,2.16390000,10886.80000000,2.173
1749266113,2.16380000,3325.40000000,2.173
1749266113,2.16370000,6.20000000,2.173
1749266113,2.16360000,7.50000000,2.173
1749266113,2.16350000,462.00000000,2.173
1749266113,2.16340000,49.20000000,2.173
1749266113,2.16330000,101.90000000,2.173
1749266113,2.16320000,472.50000000,2.173
1749266113,2.16310000,9036.70000000,2.173
1749266113,2.16300000,107041.60000000,2.173
1749266414,2.17300000,48801.30000000,2.1732
1749266414,2.17290000,26921.20000000,2.1732
1749266414,2.17280000,22528.70000000,2.1732
1749266414,2.17270000,15331.60000000,2.1732
1749266414,2.17260000,24740.30000000,2.1732
1749266414,2.17250000,25743.70000000,2.1732
1749266414,2.17240000,23319.80000000,2.1732
1749266414,2.17230000,11231.30000000,2.1732
1749266414,2.17220000,9946.70000000,2.1732
1749266414,2.17210000,6976.20000000,2.1732
1749266414,2.17200000,22366.30000000,2.1732
1749266414,2.17190000,18209.70000000,2.1732
1749266414,2.17180000,19915.80000000,2.1732
1749266414,2.17170000,17984.30000000,2.1732
1749266414,2.17160000,15755.10000000,2.1732
1749266414,2.17150000,16749.30000000,2.1732
1749266414,2.17140000,14151.10000000,2.1732
1749266414,2.17130000,2619.30000000,2.1732
1749266414,2.17120000,9489.70000000,2.1732
1749266414,2.17110000,9887.40000000,2.1732
1749266414,2.17100000,7246.30000000,2.1732
1749266414,2.17090000,12929.00000000,2.1732
1749266414,2.17080000,23134.50000000,2.1732
1749266414,2.17070000,4453.30000000,2.1732
1749266414,2.17060000,1844.70000000,2.1732
1749266414,2.17050000,7020.60000000,2.1732
1749266414,2.17040000,3555.40000000,2.1732
1749266414,2.17030000,11413.10000000,2.1732
1749266414,2.17020000,17763.10000000,2.1732
1749266414,2.17010000,14986.90000000,2.1732
1749266414,2.17000000,13712.90000000,2.1732
1749266414,2.16990000,13740.50000000,2.1732
1749266414,2.16980000,14596.30000000,2.1732
1749266414,2.16970000,17610.30000000,2.1732
1749266414,2.16960000,30022.70000000,2.1732
1749266414,2.16950000,18951.10000000,2.1732
1749266414,2.16940000,13230.30000000,2.1732
1749266414,2.16930000,8211.90000000,2.1732
1749266414,2.16920000,5007.10000000,2.1732
1749266414,2.16910000,9222.60000000,2.1732
1749266414,2.16900000,25791.00000000,2.1732
1749266414,2.16890000,7728.30000000,2.1732
1749266414,2.16880000,9435.80000000,2.1732
1749266414,2.16870000,10493.70000000,2.1732
1749266414,2.16860000,5887.60000000,2.1732
1749266414,2.16850000,14782.60000000,2.1732
1749266414,2.16840000,16605.30000000,2.1732
1749266414,2.16830000,4689.40000000,2.1732
1749266414,2.16820000,8535.30000000,2.1732
1749266414,2.16810000,10673.80000000,2.1732
1749266414,2.16800000,9323.50000000,2.1732
1749266414,2.16790000,6320.00000000,2.1732
1749266414,2.16780000,4891.20000000,2.1732
1749266414,2.16770000,932.40000000,2.1732
1749266414,2.16760000,2462.20000000,2.1732
1749266414,2.16750000,10853.70000000,2.1732
1749266414,2.16740000,9367.00000000,2.1732
1749266414,2.16730000,9730.50000000,2.1732
1749266414,2.16720000,12.10000000,2.1732
1749266414,2.16710000,4852.40000000,2.1732
1749266414,2.16700000,2804.10000000,2.1732
1749266414,2.16690000,34652.70000000,2.1732
1749266414,2.16680000,3258.70000000,2.1732
1749266414,2.16670000,11363.50000000,2.1732
1749266414,2.16660000,84691.10000000,2.1732
1749266414,2.16650000,694.00000000,2.1732
1749266414,2.16640000,4842.30000000,2.1732
1749266414,2.16630000,2823.90000000,2.1732
1749266414,2.16620000,2761.40000000,2.1732
1749266414,2.16610000,7362.90000000,2.1732
1749266414,2.16600000,11507.60000000,2.1732
1749266414,2.16590000,23342.20000000,2.1732
1749266414,2.16580000,4891.50000000,2.1732
1749266414,2.16570000,4622.70000000,2.1732
1749266414,2.16560000,2993.10000000,2.1732
1749266414,2.16550000,2303.20000000,2.1732
1749266414,2.16540000,107087.80000000,2.1732
1749266414,2.16530000,9503.40000000,2.1732
1749266414,2.16520000,2390.50000000,2.1732
1749266414,2.16510000,14.50000000,2.1732
1749266414,2.16500000,4566.00000000,2.1732
1749266414,2.16490000,5078.30000000,2.1732
1749266414,2.16480000,6393.00000000,2.1732
1749266414,2.16460000,11331.70000000,2.1732
1749266414,2.16450000,98.80000000,2.1732
1749266414,2.16440000,52.00000000,2.1732
1749266414,2.16430000,462.00000000,2.1732
1749266414,2.16420000,150.90000000,2.1732
1749266414,2.16400000,2352.40000000,2.1732
1749266414,2.16390000,6268.80000000,2.1732
1749266414,2.16380000,6215.30000000,2.1732
1749266414,2.16370000,6.20000000,2.1732
1749266414,2.16360000,7.50000000,2.1732
1749266414,2.16350000,462.00000000,2.1732
1749266414,2.16340000,49.20000000,2.1732
1749266414,2.16330000,101.90000000,2.1732
1749266414,2.16320000,472.50000000,2.1732
1749266414,2.16310000,9036.70000000,2.1732
1749266414,2.16300000,181.60000000,2.1732
1749266414,2.16290000,272.20000000,2.1732
1749266716,2.17630000,7957.80000000,2.1763
1749266716,2.17620000,608.70000000,2.1763
1749266716,2.17610000,12678.00000000,2.1763
1749266716,2.17600000,7275.20000000,2.1763
1749266716,2.17590000,8556.60000000,2.1763
1749266716,2.17580000,10106.40000000,2.1763
1749266716,2.17570000,24436.40000000,2.1763
1749266716,2.17560000,22937.20000000,2.1763
1749266716,2.17550000,21971.10000000,2.1763
1749266716,2.17540000,8760.40000000,2.1763
1749266716,2.17530000,3076.10000000,2.1763
1749266716,2.17520000,6471.00000000,2.1763
1749266716,2.17510000,11544.50000000,2.1763
1749266716,2.17500000,9894.70000000,2.1763
1749266716,2.17490000,9902.90000000,2.1763
1749266716,2.17480000,9273.80000000,2.1763
1749266716,2.17470000,13013.30000000,2.1763
1749266716,2.17460000,10437.60000000,2.1763
1749266716,2.17450000,4187.10000000,2.1763
1749266716,2.17440000,11821.30000000,2.1763
1749266716,2.17430000,2450.10000000,2.1763
1749266716,2.17420000,7172.90000000,2.1763
1749266716,2.17410000,14013.70000000,2.1763
1749266716,2.17400000,17807.20000000,2.1763
1749266716,2.17390000,16546.10000000,2.1763
1749266716,2.17380000,10376.50000000,2.1763
1749266716,2.17370000,17773.00000000,2.1763
1749266716,2.17360000,15930.80000000,2.1763
1749266716,2.17350000,7325.60000000,2.1763
1749266716,2.17340000,19457.20000000,2.1763
1749266716,2.17330000,13713.60000000,2.1763
1749266716,2.17320000,17467.00000000,2.1763
1749266716,2.17310000,13000.90000000,2.1763
1749266716,2.17300000,13140.70000000,2.1763
1749266716,2.17290000,13565.10000000,2.1763
1749266716,2.17280000,9612.90000000,2.1763
1749266716,2.17270000,11037.90000000,2.1763
1749266716,2.17260000,17943.00000000,2.1763
1749266716,2.17250000,20022.90000000,2.1763
1749266716,2.17240000,13311.60000000,2.1763
1749266716,2.17230000,14761.00000000,2.1763
1749266716,2.17220000,17932.70000000,2.1763
1749266716,2.17210000,5761.90000000,2.1763
1749266716,2.17200000,12681.20000000,2.1763
1749266716,2.17190000,8784.60000000,2.1763
1749266716,2.17180000,12358.20000000,2.1763
1749266716,2.17170000,18173.40000000,2.1763
1749266716,2.17160000,8466.50000000,2.1763
1749266716,2.17150000,2043.50000000,2.1763
1749266716,2.17140000,5360.90000000,2.1763
1749266716,2.17130000,3085.30000000,2.1763
1749266716,2.17120000,9375.10000000,2.1763
1749266716,2.17110000,44440.80000000,2.1763
1749266716,2.17100000,7091.70000000,2.1763
1749266716,2.17090000,5764.90000000,2.1763
1749266716,2.17080000,17734.80000000,2.1763
1749266716,2.17070000,12974.80000000,2.1763
1749266716,2.17060000,234.80000000,2.1763
1749266716,2.17050000,5764.80000000,2.1763
1749266716,2.17040000,515.00000000,2.1763
1749266716,2.17030000,5769.30000000,2.1763
1749266716,2.17020000,12682.00000000,2.1763
1749266716,2.17010000,9917.00000000,2.1763
1749266716,2.17000000,5724.40000000,2.1763
1749266716,2.16990000,4889.10000000,2.1763
1749266716,2.16980000,3238.90000000,2.1763
1749266716,2.16970000,7.10000000,2.1763
1749266716,2.16960000,8213.70000000,2.1763
1749266716,2.16950000,6229.40000000,2.1763
1749266716,2.16940000,9457.30000000,2.1763
1749266716,2.16930000,7028.80000000,2.1763
1749266716,2.16920000,16409.80000000,2.1763
1749266716,2.16910000,686.50000000,2.1763
1749266716,2.16900000,4634.70000000,2.1763
1749266716,2.16890000,5810.90000000,2.1763
1749266716,2.16880000,6533.20000000,2.1763
1749266716,2.16870000,82817.00000000,2.1763
1749266716,2.16860000,2821.80000000,2.1763
1749266716,2.16850000,121.30000000,2.1763
1749266716,2.16840000,4620.60000000,2.1763
1749266716,2.16830000,6.20000000,2.1763
1749266716,2.16820000,6090.60000000,2.1763
1749266716,2.16810000,11789.40000000,2.1763
1749266716,2.16800000,6998.10000000,2.1763
1749266716,2.16790000,6940.60000000,2.1763
1749266716,2.16780000,62.10000000,2.1763
1749266716,2.16770000,480.10000000,2.1763
1749266716,2.16760000,6.10000000,2.1763
1749266716,2.16750000,7008.50000000,2.1763
1749266716,2.16740000,9046.30000000,2.1763
1749266716,2.16730000,7432.70000000,2.1763
1749266716,2.16720000,9.80000000,2.1763
1749266716,2.16710000,2295.00000000,2.1763
1749266716,2.16700000,260.40000000,2.1763
1749266716,2.16690000,575.90000000,2.1763
1749266716,2.16680000,537.00000000,2.1763
1749266716,2.16670000,9066.50000000,2.1763
1749266716,2.16660000,23.10000000,2.1763
1749266716,2.16650000,466.00000000,2.1763
1749266716,2.16640000,4.90000000,2.1763
1749267017,2.17410000,3637.90000000,2.1742
1749267017,2.17400000,65.80000000,2.1742
1749267017,2.17390000,49.00000000,2.1742
1749267017,2.17380000,1376.20000000,2.1742
1749267017,2.17370000,3353.20000000,2.1742
1749267017,2.17360000,2995.00000000,2.1742
1749267017,2.17350000,9089.10000000,2.1742
1749267017,2.17340000,24547.10000000,2.1742
1749267017,2.17330000,24016.30000000,2.1742
1749267017,2.17320000,22727.80000000,2.1742
1749267017,2.17310000,6807.10000000,2.1742
1749267017,2.17300000,13242.90000000,2.1742
1749267017,2.17290000,16672.60000000,2.1742
1749267017,2.17280000,6496.90000000,2.1742
1749267017,2.17270000,11631.80000000,2.1742
1749267017,2.17260000,18037.20000000,2.1742
1749267017,2.17250000,10782.70000000,2.1742
1749267017,2.17240000,7794.70000000,2.1742
1749267017,2.17230000,13273.70000000,2.1742
1749267017,2.17220000,7748.60000000,2.1742
1749267017,2.17210000,5554.80000000,2.1742
1749267017,2.17200000,20508.80000000,2.1742
1749267017,2.17190000,8790.50000000,2.1742
1749267017,2.17180000,15085.00000000,2.1742
1749267017,2.17170000,18185.10000000,2.1742
1749267017,2.17160000,18947.00000000,2.1742
1749267017,2.17150000,13085.60000000,2.1742
1749267017,2.17140000,20719.70000000,2.1742
1749267017,2.17130000,12100.60000000,2.1742
1749267017,2.17120000,20274.00000000,2.1742
1749267017,2.17110000,21588.30000000,2.1742
1749267017,2.17100000,17638.90000000,2.1742
1749267017,2.17090000,15891.40000000,2.1742
1749267017,2.17080000,28117.40000000,2.1742
1749267017,2.17070000,12767.00000000,2.1742
1749267017,2.17060000,3623.70000000,2.1742
1749267017,2.17050000,8027.30000000,2.1742
1749267017,2.17040000,7077.60000000,2.1742
1749267017,2.17030000,10495.40000000,2.1742
1749267017,2.17020000,19391.20000000,2.1742
1749267017,2.17010000,11505.90000000,2.1742
1749267017,2.17000000,6836.70000000,2.1742
1749267017,2.16990000,10739.80000000,2.1742
1749267017,2.16980000,21084.00000000,2.1742
1749267017,2.16970000,2471.20000000,2.1742
1749267017,2.16960000,10087.40000000,2.1742
1749267017,2.16950000,6245.80000000,2.1742
1749267017,2.16940000,9457.30000000,2.1742
1749267017,2.16930000,7028.80000000,2.1742
1749267017,2.16920000,3493.40000000,2.1742
1749267017,2.16910000,929.30000000,2.1742
1749267017,2.16900000,4814.90000000,2.1742
1749267017,2.16890000,7231.00000000,2.1742
1749267017,2.16880000,6533.20000000,2.1742
1749267017,2.16870000,80166.00000000,2.1742
1749267017,2.16860000,2810.10000000,2.1742
1749267017,2.16850000,2338.40000000,2.1742
1749267017,2.16840000,4625.30000000,2.1742
1749267017,2.16830000,1376.20000000,2.1742
1749267017,2.16820000,8707.50000000,2.1742
1749267017,2.16810000,11794.10000000,2.1742
1749267017,2.16800000,43362.20000000,2.1742
1749267017,2.16790000,2348.10000000,2.1742
1749267017,2.16780000,109646.90000000,2.1742
1749267017,2.16770000,3157.80000000,2.1742
1749267017,2.16760000,238.30000000,2.1742
1749267017,2.16750000,9894.30000000,2.1742
1749267017,2.16740000,22881.50000000,2.1742
1749267017,2.16730000,10103.70000000,2.1742
1749267017,2.16720000,14.50000000,2.1742
1749267017,2.16710000,4724.30000000,2.1742
1749267017,2.16700000,2697.10000000,2.1742
1749267017,2.16690000,580.60000000,2.1742
1749267017,2.16680000,4970.10000000,2.1742
1749267017,2.16670000,11746.20000000,2.1742
1749267017,2.16660000,2578.10000000,2.1742
1749267017,2.16650000,2765.70000000,2.1742
1749267017,2.16640000,4.90000000,2.1742
1749267017,2.16630000,209.10000000,2.1742
1749267017,2.16610000,5085.50000000,2.1742
1749267017,2.16600000,9045.60000000,2.1742
1749267017,2.16590000,141058.90000000,2.1742
1749267017,2.16580000,49.10000000,2.1742
1749267017,2.16560000,2759.40000000,2.1742
1749267017,2.16550000,6.00000000,2.1742
1749267017,2.16540000,52.30000000,2.1742
1749267017,2.16530000,13849.70000000,2.1742
1749267017,2.16520000,506.70000000,2.1742
1749267017,2.16510000,14.50000000,2.1742
1749267017,2.16500000,6761.90000000,2.1742
1749267017,2.16490000,2783.30000000,2.1742
1749267017,2.16480000,6393.30000000,2.1742
1749267017,2.16470000,98.40000000,2.1742
1749267017,2.16460000,9036.70000000,2.1742
1749267017,2.16450000,98.80000000,2.1742
1749267017,2.16440000,986.10000000,2.1742
1749267017,2.16430000,462.00000000,2.1742
1749267017,2.16420000,153.50000000,2.1742
1749267017,2.16410000,572.70000000,2.1742
1749267017,2.16400000,8.30000000,2.1742
1749267319,2.17370000,40197.70000000,2.1737
1749267319,2.17360000,29900.20000000,2.1737
1749267319,2.17350000,26785.60000000,2.1737
1749267319,2.17340000,19713.40000000,2.1737
1749267319,2.17330000,17553.00000000,2.1737
1749267319,2.17320000,23713.50000000,2.1737
1749267319,2.17310000,42805.30000000,2.1737
1749267319,2.17300000,44054.60000000,2.1737
1749267319,2.17290000,25260.70000000,2.1737
1749267319,2.17280000,30899.20000000,2.1737
1749267319,2.17270000,9876.30000000,2.1737
1749267319,2.17260000,14995.90000000,2.1737
1749267319,2.17250000,11904.00000000,2.1737
1749267319,2.17240000,7603.70000000,2.1737
1749267319,2.17230000,14000.90000000,2.1737
1749267319,2.17220000,20316.10000000,2.1737
1749267319,2.17210000,21482.30000000,2.1737
1749267319,2.17200000,33589.40000000,2.1737
1749267319,2.17190000,11333.70000000,2.1737
1749267319,2.17180000,11476.50000000,2.1737
1749267319,2.17170000,9272.40000000,2.1737
1749267319,2.17160000,12431.40000000,2.1737
1749267319,2.17150000,9016.80000000,2.1737
1749267319,2.17140000,18683.40000000,2.1737
1749267319,2.17130000,3328.70000000,2.1737
1749267319,2.17120000,15668.20000000,2.1737
1749267319,2.17110000,10331.00000000,2.1737
1749267319,2.17100000,9258.60000000,2.1737
1749267319,2.17090000,11498.30000000,2.1737
1749267319,2.17080000,15305.10000000,2.1737
1749267319,2.17070000,5278.90000000,2.1737
1749267319,2.17060000,4882.00000000,2.1737
1749267319,2.17050000,5563.30000000,2.1737
1749267319,2.17040000,2480.60000000,2.1737
1749267319,2.17030000,13158.20000000,2.1737
1749267319,2.17020000,25471.90000000,2.1737
1749267319,2.17010000,24580.20000000,2.1737
1749267319,2.17000000,19197.50000000,2.1737
1749267319,2.16990000,16498.20000000,2.1737
1749267319,2.16980000,8708.60000000,2.1737
1749267319,2.16970000,12058.40000000,2.1737
1749267319,2.16960000,10043.80000000,2.1737
1749267319,2.16950000,10321.70000000,2.1737
1749267319,2.16940000,16827.60000000,2.1737
1749267319,2.16930000,8611.80000000,2.1737
1749267319,2.16920000,7547.30000000,2.1737
1749267319,2.16910000,15724.00000000,2.1737
1749267319,2.16900000,13600.30000000,2.1737
1749267319,2.16890000,7772.40000000,2.1737
1749267319,2.16880000,9717.40000000,2.1737
1749267319,2.16870000,11922.10000000,2.1737
1749267319,2.16860000,3511.60000000,2.1737
1749267319,2.16850000,3864.00000000,2.1737
1749267319,2.16840000,4625.30000000,2.1737
1749267319,2.16830000,3988.50000000,2.1737
1749267319,2.16820000,10755.50000000,2.1737
1749267319,2.16810000,8527.90000000,2.1737
1749267319,2.16800000,9905.50000000,2.1737
1749267319,2.16790000,4720.60000000,2.1737
1749267319,2.16780000,4034.40000000,2.1737
1749267319,2.16770000,3157.80000000,2.1737
1749267319,2.16760000,10.80000000,2.1737
1749267319,2.16750000,80223.20000000,2.1737
1749267319,2.16740000,9051.00000000,2.1737
1749267319,2.16730000,24117.20000000,2.1737
1749267319,2.16720000,14.50000000,2.1737
