timestamp,price,volume,current_price
1749258247,2.16650000,13776.60000000,2.1665
1749258247,2.16640000,7370.70000000,2.1665
1749258247,2.16630000,17663.60000000,2.1665
1749258247,2.16620000,25107.60000000,2.1665
1749258247,2.16610000,25416.20000000,2.1665
1749258247,2.16600000,21842.40000000,2.1665
1749258247,2.16590000,27804.80000000,2.1665
1749258247,2.16580000,30789.00000000,2.1665
1749258247,2.16570000,17169.90000000,2.1665
1749258247,2.16560000,17451.80000000,2.1665
1749258247,2.16550000,5558.40000000,2.1665
1749258247,2.16540000,15571.80000000,2.1665
1749258247,2.16530000,11027.10000000,2.1665
1749258247,2.16520000,15673.80000000,2.1665
1749258247,2.16510000,36147.30000000,2.1665
1749258247,2.16500000,24634.80000000,2.1665
1749258247,2.16490000,12977.30000000,2.1665
1749258247,2.16480000,8943.10000000,2.1665
1749258247,2.16470000,8709.50000000,2.1665
1749258247,2.16460000,3289.70000000,2.1665
1749258247,2.16450000,7976.50000000,2.1665
1749258247,2.16440000,12658.50000000,2.1665
1749258247,2.16430000,5908.50000000,2.1665
1749258247,2.16420000,11724.80000000,2.1665
1749258247,2.16410000,6263.50000000,2.1665
1749258247,2.16400000,10920.40000000,2.1665
1749258247,2.16390000,15318.00000000,2.1665
1749258247,2.16380000,10565.80000000,2.1665
1749258247,2.16370000,15804.50000000,2.1665
1749258247,2.16360000,12637.20000000,2.1665
1749258247,2.16350000,17203.90000000,2.1665
1749258247,2.16340000,16536.50000000,2.1665
1749258247,2.16330000,13157.40000000,2.1665
1749258247,2.16320000,10983.20000000,2.1665
1749258247,2.16310000,6217.80000000,2.1665
1749258247,2.16300000,20333.30000000,2.1665
1749258247,2.16290000,8644.00000000,2.1665
1749258247,2.16280000,11382.60000000,2.1665
1749258247,2.16270000,5038.90000000,2.1665
1749258247,2.16260000,4971.20000000,2.1665
1749258247,2.16250000,6418.40000000,2.1665
1749258247,2.16240000,26943.10000000,2.1665
1749258247,2.16230000,16616.50000000,2.1665
1749258247,2.16220000,7237.20000000,2.1665
1749258247,2.16210000,9962.40000000,2.1665
1749258247,2.16200000,10383.10000000,2.1665
1749258247,2.16190000,901.60000000,2.1665
1749258247,2.16180000,13543.50000000,2.1665
1749258247,2.16170000,2516.80000000,2.1665
1749258247,2.16160000,10620.30000000,2.1665
1749258247,2.16150000,5740.20000000,2.1665
1749258247,2.16140000,17431.20000000,2.1665
1749258247,2.16130000,9701.30000000,2.1665
1749258247,2.16120000,7852.70000000,2.1665
1749258247,2.16110000,2745.80000000,2.1665
1749258247,2.16100000,4.70000000,2.1665
1749258247,2.16090000,49017.20000000,2.1665
1749258247,2.16080000,2880.80000000,2.1665
1749258247,2.16070000,17.40000000,2.1665
1749258247,2.16060000,12681.50000000,2.1665
1749258247,2.16050000,2856.90000000,2.1665
1749258247,2.16040000,787.90000000,2.1665
1749258247,2.16030000,9794.90000000,2.1665
1749258247,2.16020000,11791.50000000,2.1665
1749258247,2.16010000,515.70000000,2.1665
1749258247,2.16000000,6014.10000000,2.1665
1749258247,2.15990000,9724.60000000,2.1665
1749258247,2.15980000,102.60000000,2.1665
1749258247,2.15970000,7033.00000000,2.1665
1749258247,2.15960000,16627.20000000,2.1665
1749258247,2.15950000,6036.30000000,2.1665
1749258247,2.15940000,9664.90000000,2.1665
1749258247,2.15930000,3757.80000000,2.1665
1749258247,2.15920000,2767.00000000,2.1665
1749258247,2.15910000,5075.60000000,2.1665
1749258247,2.15900000,4642.90000000,2.1665
1749258247,2.15890000,482.40000000,2.1665
1749258247,2.15880000,8130.50000000,2.1665
1749258247,2.15870000,5861.80000000,2.1665
1749258247,2.15860000,3329.60000000,2.1665
1749258247,2.15850000,2760.20000000,2.1665
1749258247,2.15840000,54.00000000,2.1665
1749258247,2.15830000,314.70000000,2.1665
1749258247,2.15820000,8280.90000000,2.1665
1749258247,2.15810000,2.40000000,2.1665
1749258247,2.15800000,557.10000000,2.1665
1749258247,2.15790000,2069.00000000,2.1665
1749258247,2.15780000,3248.60000000,2.1665
1749258247,2.15770000,5824.00000000,2.1665
1749258247,2.15760000,2764.70000000,2.1665
1749258247,2.15750000,72112.90000000,2.1665
1749258247,2.15740000,60.50000000,2.1665
1749258247,2.15730000,2757.00000000,2.1665
1749258247,2.15720000,20.90000000,2.1665
1749258247,2.15710000,37744.60000000,2.1665
1749258247,2.15700000,98.60000000,2.1665
1749258247,2.15690000,6290.80000000,2.1665
1749258247,2.15680000,976.20000000,2.1665
1749258247,2.15670000,3253.10000000,2.1665
1749258247,2.15660000,106162.00000000,2.1665
1749258554,2.16330000,10833.60000000,2.1634
1749258554,2.16320000,9691.80000000,2.1634
1749258554,2.16310000,5011.50000000,2.1634
1749258554,2.16300000,4467.50000000,2.1634
1749258554,2.16290000,6295.30000000,2.1634
1749258554,2.16280000,12878.10000000,2.1634
1749258554,2.16270000,19049.60000000,2.1634
1749258554,2.16260000,11629.60000000,2.1634
1749258554,2.16250000,16886.70000000,2.1634
1749258554,2.16240000,25093.70000000,2.1634
1749258554,2.16230000,19498.30000000,2.1634
1749258554,2.16220000,6641.40000000,2.1634
1749258554,2.16210000,15970.00000000,2.1634
1749258554,2.16200000,25702.80000000,2.1634
1749258554,2.16190000,15064.60000000,2.1634
1749258554,2.16180000,12190.40000000,2.1634
1749258554,2.16170000,13587.40000000,2.1634
1749258554,2.16160000,15612.90000000,2.1634
1749258554,2.16150000,7470.20000000,2.1634
1749258554,2.16140000,7812.40000000,2.1634
1749258554,2.16130000,14495.10000000,2.1634
1749258554,2.16120000,12764.90000000,2.1634
1749258554,2.16110000,8051.70000000,2.1634
1749258554,2.16100000,13680.80000000,2.1634
1749258554,2.16090000,21526.10000000,2.1634
1749258554,2.16080000,10225.40000000,2.1634
1749258554,2.16070000,15429.60000000,2.1634
1749258554,2.16060000,24721.40000000,2.1634
1749258554,2.16050000,15744.90000000,2.1634
1749258554,2.16040000,8145.20000000,2.1634
1749258554,2.16030000,15714.50000000,2.1634
1749258554,2.16020000,16370.70000000,2.1634
1749258554,2.16010000,13325.30000000,2.1634
1749258554,2.16000000,18324.40000000,2.1634
1749258554,2.15990000,11177.40000000,2.1634
1749258554,2.15980000,5581.10000000,2.1634
1749258554,2.15970000,6845.20000000,2.1634
1749258554,2.15960000,5430.40000000,2.1634
1749258554,2.15950000,12783.80000000,2.1634
1749258554,2.15940000,19542.30000000,2.1634
1749258554,2.15930000,8520.40000000,2.1634
1749258554,2.15920000,6556.00000000,2.1634
1749258554,2.15910000,5857.80000000,2.1634
1749258554,2.15900000,3629.20000000,2.1634
1749258554,2.15890000,7029.90000000,2.1634
1749258554,2.15880000,11632.20000000,2.1634
1749258554,2.15870000,3037.10000000,2.1634
1749258554,2.15860000,10994.70000000,2.1634
1749258554,2.15850000,10935.00000000,2.1634
1749258554,2.15840000,2455.00000000,2.1634
1749258554,2.15830000,2341.20000000,2.1634
1749258554,2.15820000,8671.10000000,2.1634
1749258554,2.15810000,2641.00000000,2.1634
1749258554,2.15800000,586.70000000,2.1634
1749258554,2.15790000,38990.10000000,2.1634
1749258554,2.15780000,17144.70000000,2.1634
1749258554,2.15770000,8925.10000000,2.1634
1749258554,2.15760000,9806.90000000,2.1634
1749258554,2.15750000,77674.90000000,2.1634
1749258554,2.15740000,19.00000000,2.1634
1749258554,2.15730000,5729.10000000,2.1634
1749258554,2.15720000,1870.50000000,2.1634
1749258554,2.15710000,5531.70000000,2.1634
1749258554,2.15700000,4980.60000000,2.1634
1749258554,2.15690000,8132.70000000,2.1634
1749258554,2.15680000,1060.90000000,2.1634
1749258554,2.15670000,6771.80000000,2.1634
1749258554,2.15660000,108886.40000000,2.1634
1749258554,2.15650000,1175.60000000,2.1634
1749258554,2.15640000,5354.30000000,2.1634
1749258554,2.15630000,2775.80000000,2.1634
1749258554,2.15620000,453.90000000,2.1634
1749258554,2.15610000,2795.60000000,2.1634
1749258554,2.15600000,9626.40000000,2.1634
1749258554,2.15590000,66.40000000,2.1634
1749258554,2.15580000,4176.10000000,2.1634
1749258554,2.15570000,4.70000000,2.1634
1749258554,2.15560000,9.70000000,2.1634
1749258554,2.15550000,2352.20000000,2.1634
1749258554,2.15540000,16.30000000,2.1634
1749258554,2.15530000,5899.90000000,2.1634
1749258554,2.15520000,3288.70000000,2.1634
1749258554,2.15510000,13.00000000,2.1634
1749258554,2.15500000,67.60000000,2.1634
1749258554,2.15490000,8051.60000000,2.1634
1749258554,2.15480000,1396.00000000,2.1634
1749258554,2.15470000,52.10000000,2.1634
1749258554,2.15460000,5859.20000000,2.1634
1749258554,2.15450000,49.80000000,2.1634
1749258554,2.15440000,14.50000000,2.1634
1749258554,2.15430000,46.10000000,2.1634
1749258554,2.15420000,119.00000000,2.1634
1749258554,2.15410000,3693.40000000,2.1634
1749258554,2.15400000,6532.00000000,2.1634
1749258554,2.15390000,6023.80000000,2.1634
1749258554,2.15380000,7.40000000,2.1634
1749258554,2.15370000,3.70000000,2.1634
1749258554,2.15360000,4.80000000,2.1634
1749258554,2.15350000,5.80000000,2.1634
1749258554,2.15340000,8.90000000,2.1634
1749258869,2.16740000,6079.00000000,2.1674
1749258869,2.16730000,72.90000000,2.1674
1749258869,2.16720000,566.00000000,2.1674
1749258869,2.16710000,1817.40000000,2.1674
1749258869,2.16700000,6611.60000000,2.1674
1749258869,2.16690000,5702.30000000,2.1674
1749258869,2.16680000,19950.10000000,2.1674
1749258869,2.16670000,16486.90000000,2.1674
1749258869,2.16660000,13480.60000000,2.1674
1749258869,2.16650000,7858.50000000,2.1674
1749258869,2.16640000,18821.90000000,2.1674
1749258869,2.16630000,10731.70000000,2.1674
1749258869,2.16620000,22984.30000000,2.1674
1749258869,2.16610000,14377.40000000,2.1674
1749258869,2.16600000,16546.30000000,2.1674
1749258869,2.16590000,2944.40000000,2.1674
1749258869,2.16580000,14588.60000000,2.1674
1749258869,2.16570000,9923.80000000,2.1674
1749258869,2.16560000,5054.60000000,2.1674
1749258869,2.16550000,18310.50000000,2.1674
1749258869,2.16540000,16367.10000000,2.1674
1749258869,2.16530000,16876.80000000,2.1674
1749258869,2.16520000,13801.50000000,2.1674
1749258869,2.16510000,17369.30000000,2.1674
1749258869,2.16500000,6255.30000000,2.1674
1749258869,2.16490000,10036.60000000,2.1674
1749258869,2.16480000,18487.90000000,2.1674
1749258869,2.16470000,10103.40000000,2.1674
1749258869,2.16460000,12090.70000000,2.1674
1749258869,2.16450000,9529.00000000,2.1674
1749258869,2.16440000,9048.40000000,2.1674
1749258869,2.16430000,7607.70000000,2.1674
1749258869,2.16420000,12376.10000000,2.1674
1749258869,2.16410000,17397.60000000,2.1674
1749258869,2.16400000,30218.60000000,2.1674
1749258869,2.16390000,9831.30000000,2.1674
1749258869,2.16380000,6080.30000000,2.1674
1749258869,2.16370000,9191.20000000,2.1674
1749258869,2.16360000,4795.10000000,2.1674
1749258869,2.16350000,12435.50000000,2.1674
1749258869,2.16340000,14987.80000000,2.1674
1749258869,2.16330000,6924.70000000,2.1674
1749258869,2.16320000,17440.20000000,2.1674
1749258869,2.16310000,8337.90000000,2.1674
1749258869,2.16300000,15471.10000000,2.1674
1749258869,2.16290000,2493.90000000,2.1674
1749258869,2.16280000,11133.70000000,2.1674
1749258869,2.16270000,9481.80000000,2.1674
1749258869,2.16260000,2909.90000000,2.1674
1749258869,2.16250000,202.80000000,2.1674
1749258869,2.16240000,11788.30000000,2.1674
1749258869,2.16230000,10428.00000000,2.1674
1749258869,2.16220000,3028.60000000,2.1674
1749258869,2.16210000,10749.60000000,2.1674
1749258869,2.16200000,47719.30000000,2.1674
1749258869,2.16190000,6183.70000000,2.1674
1749258869,2.16180000,9133.90000000,2.1674
1749258869,2.16170000,509.40000000,2.1674
1749258869,2.16160000,11026.10000000,2.1674
1749258869,2.16150000,11536.00000000,2.1674
1749258869,2.16140000,13.20000000,2.1674
1749258869,2.16130000,10035.20000000,2.1674
1749258869,2.16120000,6933.60000000,2.1674
1749258869,2.16110000,2745.80000000,2.1674
1749258869,2.16100000,4.70000000,2.1674
1749258869,2.16090000,28467.20000000,2.1674
1749258869,2.16080000,2864.40000000,2.1674
1749258869,2.16070000,4646.30000000,2.1674
1749258869,2.16060000,81000.00000000,2.1674
1749258869,2.16050000,2946.40000000,2.1674
1749258869,2.16040000,3222.00000000,2.1674
1749258869,2.16030000,6983.40000000,2.1674
1749258869,2.16020000,11841.30000000,2.1674
1749258869,2.16010000,557.10000000,2.1674
1749258869,2.16000000,5707.60000000,2.1674
1749258869,2.15990000,9611.00000000,2.1674
1749258869,2.15980000,2628.40000000,2.1674
1749258869,2.15970000,5012.30000000,2.1674
1749258869,2.15960000,177.30000000,2.1674
1749258869,2.15950000,5809.20000000,2.1674
1749258869,2.15940000,6959.10000000,2.1674
1749258869,2.15930000,3707.00000000,2.1674
1749258869,2.15920000,18.50000000,2.1674
1749258869,2.15910000,2347.10000000,2.1674
1749258869,2.15900000,7.00000000,2.1674
1749258869,2.15890000,477.70000000,2.1674
1749258869,2.15880000,5820.30000000,2.1674
1749258869,2.15870000,413.30000000,2.1674
1749258869,2.15860000,10558.90000000,2.1674
1749258869,2.15850000,5083.20000000,2.1674
1749258869,2.15840000,7.80000000,2.1674
1749258869,2.15830000,63.10000000,2.1674
1749258869,2.15820000,5997.40000000,2.1674
1749258869,2.15810000,48.60000000,2.1674
1749258869,2.15800000,510.90000000,2.1674
1749258869,2.15780000,3248.60000000,2.1674
1749258869,2.15770000,5812.40000000,2.1674
1749258869,2.15760000,469.70000000,2.1674
1749258869,2.15750000,100.40000000,2.1674
1749258869,2.15740000,60.50000000,2.1674
1749259171,2.16510000,19792.30000000,2.1652
1749259171,2.16500000,18683.80000000,2.1652
1749259171,2.16490000,18236.60000000,2.1652
1749259171,2.16480000,11274.50000000,2.1652
1749259171,2.16470000,7641.40000000,2.1652
1749259171,2.16460000,7256.30000000,2.1652
1749259171,2.16450000,7539.20000000,2.1652
1749259171,2.16440000,18541.20000000,2.1652
1749259171,2.16430000,21044.80000000,2.1652
1749259171,2.16420000,9439.70000000,2.1652
1749259171,2.16410000,11679.90000000,2.1652
1749259171,2.16400000,14583.20000000,2.1652
1749259171,2.16390000,15268.90000000,2.1652
1749259171,2.16380000,5087.00000000,2.1652
1749259171,2.16370000,11796.90000000,2.1652
1749259171,2.16360000,13232.00000000,2.1652
1749259171,2.16350000,8772.10000000,2.1652
1749259171,2.16340000,13756.90000000,2.1652
1749259171,2.16330000,7895.40000000,2.1652
1749259171,2.16320000,15569.70000000,2.1652
1749259171,2.16310000,8785.70000000,2.1652
1749259171,2.16300000,11853.50000000,2.1652
1749259171,2.16290000,10687.20000000,2.1652
1749259171,2.16280000,9408.60000000,2.1652
1749259171,2.16270000,7840.20000000,2.1652
1749259171,2.16260000,11874.60000000,2.1652
1749259171,2.16250000,22267.90000000,2.1652
1749259171,2.16240000,14178.80000000,2.1652
1749259171,2.16230000,10420.70000000,2.1652
1749259171,2.16220000,14929.80000000,2.1652
1749259171,2.16210000,19307.30000000,2.1652
1749259171,2.16200000,11830.50000000,2.1652
1749259171,2.16190000,5629.60000000,2.1652
1749259171,2.16180000,16770.60000000,2.1652
1749259171,2.16170000,8709.30000000,2.1652
1749259171,2.16160000,26819.50000000,2.1652
1749259171,2.16150000,14085.20000000,2.1652
1749259171,2.16140000,9604.10000000,2.1652
1749259171,2.16130000,14792.30000000,2.1652
1749259171,2.16120000,13044.80000000,2.1652
1749259171,2.16110000,23112.50000000,2.1652
1749259171,2.16100000,9685.00000000,2.1652
1749259171,2.16090000,21491.60000000,2.1652
1749259171,2.16080000,5090.40000000,2.1652
1749259171,2.16070000,6145.60000000,2.1652
1749259171,2.16060000,25548.00000000,2.1652
1749259171,2.16050000,11208.50000000,2.1652
1749259171,2.16040000,5768.30000000,2.1652
1749259171,2.16030000,11849.80000000,2.1652
1749259171,2.16020000,11673.60000000,2.1652
1749259171,2.16010000,515.70000000,2.1652
1749259171,2.16000000,5285.00000000,2.1652
1749259171,2.15990000,78527.80000000,2.1652
1749259171,2.15980000,2584.30000000,2.1652
1749259171,2.15970000,2950.90000000,2.1652
1749259171,2.15960000,2455.50000000,2.1652
1749259171,2.15950000,43552.00000000,2.1652
1749259171,2.15940000,9186.20000000,2.1652
1749259171,2.15930000,5788.40000000,2.1652
1749259171,2.15920000,14458.30000000,2.1652
1749259171,2.15910000,4981.00000000,2.1652
1749259171,2.15900000,28.10000000,2.1652
1749259171,2.15890000,3508.90000000,2.1652
1749259171,2.15880000,9803.80000000,2.1652
1749259171,2.15870000,2960.10000000,2.1652
1749259171,2.15860000,10302.50000000,2.1652
1749259171,2.15850000,10078.50000000,2.1652
1749259171,2.15840000,1686.90000000,2.1652
1749259171,2.15830000,2614.30000000,2.1652
1749259171,2.15820000,10795.50000000,2.1652
1749259171,2.15810000,53.30000000,2.1652
1749259171,2.15800000,3108.80000000,2.1652
1749259171,2.15790000,2299.70000000,2.1652
1749259171,2.15780000,5846.50000000,2.1652
1749259171,2.15770000,5817.10000000,2.1652
1749259171,2.15760000,5357.70000000,2.1652
1749259171,2.15750000,5001.60000000,2.1652
1749259171,2.15740000,2602.60000000,2.1652
1749259171,2.15730000,9741.60000000,2.1652
1749259171,2.15720000,107170.50000000,2.1652
1749259171,2.15710000,223.80000000,2.1652
1749259171,2.15700000,2347.40000000,2.1652
1749259171,2.15690000,6389.50000000,2.1652
1749259171,2.15680000,94.80000000,2.1652
1749259171,2.15670000,5548.10000000,2.1652
1749259171,2.15660000,254.20000000,2.1652
1749259171,2.15650000,1099.80000000,2.1652
1749259171,2.15640000,204.10000000,2.1652
1749259171,2.15630000,502.80000000,2.1652
1749259171,2.15620000,5.40000000,2.1652
1749259171,2.15610000,48.60000000,2.1652
1749259171,2.15600000,16098.10000000,2.1652
1749259171,2.15590000,61.70000000,2.1652
1749259171,2.15580000,1853.00000000,2.1652
1749259171,2.15560000,138826.70000000,2.1652
1749259171,2.15550000,2130.10000000,2.1652
1749259171,2.15540000,16.30000000,2.1652
1749259171,2.15530000,5899.90000000,2.1652
1749259171,2.15520000,3362.10000000,2.1652
1749259171,2.15510000,59.10000000,2.1652
