timestamp,price,volume,current_price
1749260746,0.55780000,141.20000000,0.558
1749260746,0.55770000,2839.80000000,0.558
1749260746,0.55760000,6206.80000000,0.558
1749260746,0.55750000,4887.20000000,0.558
1749260746,0.55740000,4680.60000000,0.558
1749260746,0.55730000,9114.00000000,0.558
1749260746,0.55720000,3831.80000000,0.558
1749260746,0.55710000,5066.90000000,0.558
1749260746,0.55700000,1379.70000000,0.558
1749260746,0.55690000,141.20000000,0.558
1749260746,0.55680000,2965.90000000,0.558
1749260746,0.55670000,7457.10000000,0.558
1749260746,0.55660000,4194.40000000,0.558
1749260746,0.55650000,141.20000000,0.558
1749260746,0.55640000,1213.10000000,0.558
1749260746,0.55630000,3141.20000000,0.558
1749260746,0.55620000,7983.90000000,0.558
1749260746,0.55610000,2309.70000000,0.558
1749260746,0.55600000,2877.50000000,0.558
1749260746,0.55590000,7664.00000000,0.558
1749260746,0.55580000,930.80000000,0.558
1749260746,0.55570000,419.10000000,0.558
1749260746,0.55560000,1021.80000000,0.558
1749260746,0.55550000,15104.00000000,0.558
1749260746,0.55540000,4867.30000000,0.558
1749260746,0.55530000,508.10000000,0.558
1749260746,0.55520000,711.40000000,0.558
1749260746,0.55510000,565.40000000,0.558
1749260746,0.55500000,547.40000000,0.558
1749260746,0.55490000,524.20000000,0.558
1749260746,0.55480000,739.20000000,0.558
1749260746,0.55470000,141.20000000,0.558
1749260746,0.55460000,19059.90000000,0.558
1749260746,0.55450000,365.60000000,0.558
1749260746,0.55440000,141.20000000,0.558
1749260746,0.55430000,356.50000000,0.558
1749260746,0.55420000,141.20000000,0.558
1749260746,0.55410000,23777.80000000,0.558
1749260746,0.55400000,661.30000000,0.558
1749260746,0.55370000,2314.40000000,0.558
1749260746,0.55350000,215.10000000,0.558
1749260746,0.55340000,29495.80000000,0.558
1749260746,0.55310000,214.90000000,0.558
1749260746,0.55290000,424.20000000,0.558
1749260746,0.55280000,1258.50000000,0.558
1749260746,0.55220000,899.20000000,0.558
1749260746,0.55200000,22.00000000,0.558
1749260746,0.55180000,22613.50000000,0.558
1749260746,0.55160000,233.30000000,0.558
1749260746,0.55130000,1863.20000000,0.558
1749260746,0.55120000,36.30000000,0.558
1749260746,0.55080000,915.20000000,0.558
1749260746,0.55000000,21938.40000000,0.558
1749260746,0.54950000,77.20000000,0.558
1749260746,0.54930000,9.90000000,0.558
1749260746,0.54910000,610.30000000,0.558
1749260746,0.54900000,14103.90000000,0.558
1749260746,0.54800000,22.00000000,0.558
1749260746,0.54700000,120.90000000,0.558
1749260746,0.54660000,613.10000000,0.558
1749260746,0.54650000,430.80000000,0.558
1749260746,0.54600000,22.00000000,0.558
1749260746,0.54550000,111.20000000,0.558
1749260746,0.54500000,24.20000000,0.558
1749260746,0.54490000,18079.90000000,0.558
1749260746,0.54480000,5670.50000000,0.558
1749260746,0.54420000,9.90000000,0.558
1749260746,0.54410000,11.00000000,0.558
1749260746,0.54400000,22.00000000,0.558
1749260746,0.54390000,18.30000000,0.558
1749260746,0.54300000,55.20000000,0.558
1749260746,0.54280000,77.20000000,0.558
1749260746,0.54200000,22.00000000,0.558
1749260746,0.54070000,5809.30000000,0.558
1749260746,0.54020000,30.30000000,0.558
1749260746,0.54000000,131.60000000,0.558
1749260746,0.53910000,9.90000000,0.558
1749260746,0.53900000,20.80000000,0.558
1749260746,0.53800000,110.40000000,0.558
1749260746,0.53780000,92.90000000,0.558
1749260746,0.53650000,2877.40000000,0.558
1749260746,0.53620000,120.90000000,0.558
1749260746,0.53610000,45.20000000,0.558
1749260746,0.53600000,37.30000000,0.558
1749260746,0.53500000,2483.80000000,0.558
1749260746,0.53450000,37.30000000,0.558
1749260746,0.53440000,93.50000000,0.558
1749260746,0.53400000,31.90000000,0.558
1749260746,0.53350000,66.90000000,0.558
1749260746,0.53310000,100.00000000,0.558
1749260746,0.53300000,18.70000000,0.558
1749260746,0.53280000,16.80000000,0.558
1749260746,0.53240000,11.20000000,0.558
1749260746,0.53200000,32.50000000,0.558
1749260746,0.53100000,2133.90000000,0.558
1749260746,0.53080000,26.60000000,0.558
1749260746,0.53070000,95.60000000,0.558
1749260746,0.53030000,63.80000000,0.558
1749260746,0.53000000,2049.60000000,0.558
1749260746,0.52970000,77.20000000,0.558
1749260759,0.55770000,141.20000000,0.558
1749260759,0.55760000,2431.30000000,0.558
1749260759,0.55750000,5507.00000000,0.558
1749260759,0.55740000,4680.60000000,0.558
1749260759,0.55730000,8217.70000000,0.558
1749260759,0.55720000,2233.80000000,0.558
1749260759,0.55710000,5066.90000000,0.558
1749260759,0.55700000,1379.70000000,0.558
1749260759,0.55690000,1012.00000000,0.558
1749260759,0.55680000,4760.40000000,0.558
1749260759,0.55670000,7852.30000000,0.558
1749260759,0.55660000,1317.20000000,0.558
1749260759,0.55650000,409.90000000,0.558
1749260759,0.55640000,1362.40000000,0.558
1749260759,0.55630000,3141.20000000,0.558
1749260759,0.55620000,7983.90000000,0.558
1749260759,0.55610000,2309.70000000,0.558
1749260759,0.55600000,377.50000000,0.558
1749260759,0.55590000,7664.00000000,0.558
1749260759,0.55580000,930.80000000,0.558
1749260759,0.55570000,4000.50000000,0.558
1749260759,0.55560000,1021.80000000,0.558
1749260759,0.55550000,13284.20000000,0.558
1749260759,0.55540000,4867.30000000,0.558
1749260759,0.55530000,508.10000000,0.558
1749260759,0.55520000,1036.70000000,0.558
1749260759,0.55510000,565.40000000,0.558
1749260759,0.55500000,903.30000000,0.558
1749260759,0.55490000,524.20000000,0.558
1749260759,0.55480000,739.20000000,0.558
1749260759,0.55470000,141.20000000,0.558
1749260759,0.55460000,19059.90000000,0.558
1749260759,0.55450000,365.60000000,0.558
1749260759,0.55440000,141.20000000,0.558
1749260759,0.55430000,356.50000000,0.558
1749260759,0.55420000,141.20000000,0.558
1749260759,0.55410000,23777.80000000,0.558
1749260759,0.55400000,802.50000000,0.558
1749260759,0.55370000,2314.40000000,0.558
1749260759,0.55350000,215.10000000,0.558
1749260759,0.55340000,29495.80000000,0.558
1749260759,0.55310000,214.90000000,0.558
1749260759,0.55290000,424.20000000,0.558
1749260759,0.55280000,1258.50000000,0.558
1749260759,0.55220000,899.20000000,0.558
1749260759,0.55200000,22.00000000,0.558
1749260759,0.55180000,22613.50000000,0.558
1749260759,0.55160000,233.30000000,0.558
1749260759,0.55130000,1863.20000000,0.558
1749260759,0.55120000,36.30000000,0.558
1749260759,0.55080000,915.20000000,0.558
1749260759,0.55000000,21938.40000000,0.558
1749260759,0.54950000,77.20000000,0.558
1749260759,0.54930000,9.90000000,0.558
1749260759,0.54910000,610.30000000,0.558
1749260759,0.54900000,14103.90000000,0.558
1749260759,0.54800000,22.00000000,0.558
1749260759,0.54700000,120.90000000,0.558
1749260759,0.54660000,613.10000000,0.558
1749260759,0.54650000,430.80000000,0.558
1749260759,0.54600000,22.00000000,0.558
1749260759,0.54550000,111.20000000,0.558
1749260759,0.54500000,24.20000000,0.558
1749260759,0.54490000,18079.90000000,0.558
1749260759,0.54480000,5670.50000000,0.558
1749260759,0.54420000,9.90000000,0.558
1749260759,0.54410000,11.00000000,0.558
1749260759,0.54400000,22.00000000,0.558
1749260759,0.54390000,18.30000000,0.558
1749260759,0.54300000,55.20000000,0.558
1749260759,0.54280000,77.20000000,0.558
1749260759,0.54200000,22.00000000,0.558
1749260759,0.54070000,5809.30000000,0.558
1749260759,0.54020000,30.30000000,0.558
1749260759,0.54000000,131.60000000,0.558
1749260759,0.53910000,9.90000000,0.558
1749260759,0.53900000,20.80000000,0.558
1749260759,0.53800000,110.40000000,0.558
1749260759,0.53780000,92.90000000,0.558
1749260759,0.53650000,2877.40000000,0.558
1749260759,0.53620000,120.90000000,0.558
1749260759,0.53610000,45.20000000,0.558
1749260759,0.53600000,37.30000000,0.558
1749260759,0.53500000,2483.80000000,0.558
1749260759,0.53450000,37.30000000,0.558
1749260759,0.53440000,93.50000000,0.558
1749260759,0.53400000,31.90000000,0.558
1749260759,0.53350000,66.90000000,0.558
1749260759,0.53310000,100.00000000,0.558
1749260759,0.53300000,18.70000000,0.558
1749260759,0.53280000,16.80000000,0.558
1749260759,0.53240000,11.20000000,0.558
1749260759,0.53200000,32.50000000,0.558
1749260759,0.53100000,2133.90000000,0.558
1749260759,0.53080000,26.60000000,0.558
1749260759,0.53070000,95.60000000,0.558
1749260759,0.53030000,63.80000000,0.558
1749260759,0.53000000,2049.60000000,0.558
1749260759,0.52970000,77.20000000,0.558
1749260759,0.52900000,3746.90000000,0.558
1749261066,0.55850000,141.20000000,0.5585
1749261066,0.55840000,1079.80000000,0.5585
1749261066,0.55830000,185.20000000,0.5585
1749261066,0.55820000,44.00000000,0.5585
1749261066,0.55810000,453.90000000,0.5585
1749261066,0.55800000,615.90000000,0.5585
1749261066,0.55790000,1305.30000000,0.5585
1749261066,0.55780000,2788.30000000,0.5585
1749261066,0.55770000,8440.90000000,0.5585
1749261066,0.55760000,2512.60000000,0.5585
1749261066,0.55750000,8423.30000000,0.5585
1749261066,0.55740000,21641.70000000,0.5585
1749261066,0.55730000,15984.80000000,0.5585
1749261066,0.55720000,884.20000000,0.5585
1749261066,0.55710000,8393.40000000,0.5585
1749261066,0.55700000,3134.90000000,0.5585
1749261066,0.55690000,6665.40000000,0.5585
1749261066,0.55680000,900.80000000,0.5585
1749261066,0.55670000,1023.40000000,0.5585
1749261066,0.55660000,738.70000000,0.5585
1749261066,0.55650000,452.50000000,0.5585
1749261066,0.55640000,356.20000000,0.5585
1749261066,0.55630000,999.00000000,0.5585
1749261066,0.55620000,5699.20000000,0.5585
1749261066,0.55610000,355.20000000,0.5585
1749261066,0.55600000,19483.50000000,0.5585
1749261066,0.55590000,141.20000000,0.5585
1749261066,0.55580000,1285.60000000,0.5585
1749261066,0.55570000,419.10000000,0.5585
1749261066,0.55560000,141.20000000,0.5585
1749261066,0.55550000,355.50000000,0.5585
1749261066,0.55540000,355.50000000,0.5585
1749261066,0.55530000,141.20000000,0.5585
1749261066,0.55520000,355.50000000,0.5585
1749261066,0.55510000,17980.60000000,0.5585
1749261066,0.55500000,150.80000000,0.5585
1749261066,0.55490000,384.10000000,0.5585
1749261066,0.55480000,214.50000000,0.5585
1749261066,0.55470000,22908.70000000,0.5585
1749261066,0.55450000,2321.40000000,0.5585
1749261066,0.55430000,1470.40000000,0.5585
1749261066,0.55410000,896.20000000,0.5585
1749261066,0.55400000,28648.30000000,0.5585
1749261066,0.55310000,605.90000000,0.5585
1749261066,0.55290000,424.20000000,0.5585
1749261066,0.55240000,23569.00000000,0.5585
1749261066,0.55200000,22.00000000,0.5585
1749261066,0.55180000,1255.00000000,0.5585
1749261066,0.55160000,233.30000000,0.5585
1749261066,0.55120000,36.30000000,0.5585
1749261066,0.55080000,915.20000000,0.5585
1749261066,0.55010000,17975.90000000,0.5585
1749261066,0.55000000,3962.50000000,0.5585
1749261066,0.54960000,14343.50000000,0.5585
1749261066,0.54950000,77.20000000,0.5585
1749261066,0.54930000,9.90000000,0.5585
1749261066,0.54910000,610.30000000,0.5585
1749261066,0.54890000,610.50000000,0.5585
1749261066,0.54800000,22.00000000,0.5585
1749261066,0.54700000,120.90000000,0.5585
1749261066,0.54650000,430.80000000,0.5585
1749261066,0.54600000,22.00000000,0.5585
1749261066,0.54550000,18191.10000000,0.5585
1749261066,0.54540000,5788.60000000,0.5585
1749261066,0.54500000,24.20000000,0.5585
1749261066,0.54420000,9.90000000,0.5585
1749261066,0.54410000,11.00000000,0.5585
1749261066,0.54400000,22.00000000,0.5585
1749261066,0.54390000,18.30000000,0.5585
1749261066,0.54300000,55.20000000,0.5585
1749261066,0.54280000,77.20000000,0.5585
1749261066,0.54200000,22.00000000,0.5585
1749261066,0.54120000,5770.80000000,0.5585
1749261066,0.54020000,30.30000000,0.5585
1749261066,0.54000000,131.60000000,0.5585
1749261066,0.53910000,9.90000000,0.5585
1749261066,0.53900000,20.80000000,0.5585
1749261066,0.53800000,110.40000000,0.5585
1749261066,0.53780000,92.90000000,0.5585
1749261066,0.53710000,2885.40000000,0.5585
1749261066,0.53650000,19.50000000,0.5585
1749261066,0.53620000,120.90000000,0.5585
1749261066,0.53610000,45.20000000,0.5585
1749261066,0.53600000,37.30000000,0.5585
1749261066,0.53500000,2483.80000000,0.5585
1749261066,0.53450000,37.30000000,0.5585
1749261066,0.53440000,93.50000000,0.5585
1749261066,0.53400000,31.90000000,0.5585
1749261066,0.53350000,66.90000000,0.5585
1749261066,0.53310000,100.00000000,0.5585
1749261066,0.53300000,18.70000000,0.5585
1749261066,0.53280000,16.80000000,0.5585
1749261066,0.53240000,11.20000000,0.5585
1749261066,0.53200000,32.50000000,0.5585
1749261066,0.53100000,2133.90000000,0.5585
1749261066,0.53080000,26.60000000,0.5585
1749261066,0.53070000,95.60000000,0.5585
1749261066,0.53030000,63.80000000,0.5585
1749261066,0.53000000,2049.60000000,0.5585
1749261066,0.52970000,77.20000000,0.5585
1749261080,0.55850000,141.20000000,0.5585
1749261080,0.55840000,1079.80000000,0.5585
1749261080,0.55830000,141.20000000,0.5585
1749261080,0.55820000,44.00000000,0.5585
1749261080,0.55810000,453.90000000,0.5585
1749261080,0.55800000,615.90000000,0.5585
1749261080,0.55790000,3296.70000000,0.5585
1749261080,0.55780000,9547.50000000,0.5585
1749261080,0.55770000,8440.90000000,0.5585
1749261080,0.55760000,2512.60000000,0.5585
1749261080,0.55750000,7904.10000000,0.5585
1749261080,0.55740000,17936.10000000,0.5585
1749261080,0.55730000,13590.80000000,0.5585
1749261080,0.55720000,884.20000000,0.5585
1749261080,0.55710000,8369.90000000,0.5585
1749261080,0.55700000,1259.40000000,0.5585
1749261080,0.55690000,6665.40000000,0.5585
1749261080,0.55680000,900.80000000,0.5585
1749261080,0.55670000,1023.40000000,0.5585
1749261080,0.55660000,738.70000000,0.5585
1749261080,0.55650000,452.50000000,0.5585
1749261080,0.55640000,356.20000000,0.5585
1749261080,0.55630000,999.00000000,0.5585
1749261080,0.55620000,5019.30000000,0.5585
1749261080,0.55610000,355.20000000,0.5585
1749261080,0.55600000,18930.10000000,0.5585
1749261080,0.55590000,141.20000000,0.5585
1749261080,0.55580000,1285.60000000,0.5585
1749261080,0.55570000,419.10000000,0.5585
1749261080,0.55560000,821.90000000,0.5585
1749261080,0.55550000,355.50000000,0.5585
1749261080,0.55540000,355.50000000,0.5585
1749261080,0.55530000,141.20000000,0.5585
1749261080,0.55520000,355.50000000,0.5585
1749261080,0.55510000,17980.60000000,0.5585
1749261080,0.55500000,150.80000000,0.5585
1749261080,0.55490000,384.10000000,0.5585
1749261080,0.55480000,214.50000000,0.5585
1749261080,0.55470000,22908.70000000,0.5585
1749261080,0.55450000,2321.40000000,0.5585
1749261080,0.55430000,1470.40000000,0.5585
1749261080,0.55410000,896.20000000,0.5585
1749261080,0.55400000,28648.30000000,0.5585
1749261080,0.55310000,605.90000000,0.5585
1749261080,0.55290000,424.20000000,0.5585
1749261080,0.55240000,23569.00000000,0.5585
1749261080,0.55200000,22.00000000,0.5585
1749261080,0.55180000,1255.00000000,0.5585
1749261080,0.55160000,233.30000000,0.5585
1749261080,0.55120000,36.30000000,0.5585
1749261080,0.55080000,915.20000000,0.5585
1749261080,0.55010000,17975.90000000,0.5585
1749261080,0.55000000,3962.50000000,0.5585
1749261080,0.54960000,14343.50000000,0.5585
1749261080,0.54950000,77.20000000,0.5585
1749261080,0.54930000,9.90000000,0.5585
1749261080,0.54910000,610.30000000,0.5585
1749261080,0.54890000,610.50000000,0.5585
1749261080,0.54800000,22.00000000,0.5585
1749261080,0.54700000,120.90000000,0.5585
1749261080,0.54650000,430.80000000,0.5585
1749261080,0.54600000,22.00000000,0.5585
1749261080,0.54550000,18191.10000000,0.5585
1749261080,0.54540000,5788.60000000,0.5585
1749261080,0.54500000,24.20000000,0.5585
1749261080,0.54420000,9.90000000,0.5585
1749261080,0.54410000,11.00000000,0.5585
1749261080,0.54400000,22.00000000,0.5585
1749261080,0.54390000,18.30000000,0.5585
1749261080,0.54300000,55.20000000,0.5585
1749261080,0.54280000,77.20000000,0.5585
1749261080,0.54200000,22.00000000,0.5585
1749261080,0.54120000,5770.80000000,0.5585
1749261080,0.54020000,30.30000000,0.5585
1749261080,0.54000000,131.60000000,0.5585
1749261080,0.53910000,9.90000000,0.5585
1749261080,0.53900000,20.80000000,0.5585
1749261080,0.53800000,110.40000000,0.5585
1749261080,0.53780000,92.90000000,0.5585
1749261080,0.53710000,2885.40000000,0.5585
1749261080,0.53650000,19.50000000,0.5585
1749261080,0.53620000,120.90000000,0.5585
1749261080,0.53610000,45.20000000,0.5585
1749261080,0.53600000,37.30000000,0.5585
1749261080,0.53500000,2483.80000000,0.5585
1749261080,0.53450000,37.30000000,0.5585
1749261080,0.53440000,93.50000000,0.5585
1749261080,0.53400000,31.90000000,0.5585
1749261080,0.53350000,66.90000000,0.5585
1749261080,0.53310000,100.00000000,0.5585
1749261080,0.53300000,18.70000000,0.5585
1749261080,0.53280000,16.80000000,0.5585
1749261080,0.53240000,11.20000000,0.5585
1749261080,0.53200000,32.50000000,0.5585
1749261080,0.53100000,2133.90000000,0.5585
1749261080,0.53080000,26.60000000,0.5585
1749261080,0.53070000,95.60000000,0.5585
1749261080,0.53030000,63.80000000,0.5585
1749261080,0.53000000,2049.60000000,0.5585
1749261080,0.52970000,77.20000000,0.5585
1749261376,0.55930000,28.10000000,0.5594
1749261376,0.55920000,141.20000000,0.5594
1749261376,0.55910000,1034.80000000,0.5594
1749261376,0.55900000,43.80000000,0.5594
1749261376,0.55890000,493.00000000,0.5594
1749261376,0.55880000,5302.90000000,0.5594
1749261376,0.55870000,16645.80000000,0.5594
1749261376,0.55860000,10345.50000000,0.5594
1749261376,0.55850000,10788.30000000,0.5594
1749261376,0.55840000,3418.70000000,0.5594
1749261376,0.55830000,3107.10000000,0.5594
1749261376,0.55820000,2894.40000000,0.5594
1749261376,0.55810000,3141.20000000,0.5594
1749261376,0.55800000,3043.50000000,0.5594
1749261376,0.55790000,4653.00000000,0.5594
1749261376,0.55780000,12804.40000000,0.5594
1749261376,0.55770000,2857.40000000,0.5594
1749261376,0.55760000,1875.50000000,0.5594
1749261376,0.55750000,355.60000000,0.5594
1749261376,0.55740000,688.90000000,0.5594
1749261376,0.55730000,1056.40000000,0.5594
1749261376,0.55720000,734.70000000,0.5594
1749261376,0.55710000,5534.60000000,0.5594
1749261376,0.55700000,355.60000000,0.5594
1749261376,0.55690000,5779.10000000,0.5594
1749261376,0.55680000,2647.60000000,0.5594
1749261376,0.55670000,820.50000000,0.5594
1749261376,0.55660000,710.40000000,0.5594
1749261376,0.55650000,11317.80000000,0.5594
1749261376,0.55630000,141.20000000,0.5594
1749261376,0.55620000,5443.50000000,0.5594
1749261376,0.55610000,17556.40000000,0.5594
1749261376,0.55600000,329.50000000,0.5594
1749261376,0.55590000,537.10000000,0.5594
1749261376,0.55580000,930.80000000,0.5594
1749261376,0.55570000,23496.20000000,0.5594
1749261376,0.55550000,141.20000000,0.5594
1749261376,0.55540000,1881.10000000,0.5594
1749261376,0.55530000,2261.70000000,0.5594
1749261376,0.55510000,424.20000000,0.5594
1749261376,0.55500000,9.60000000,0.5594
1749261376,0.55450000,9.90000000,0.5594
1749261376,0.55430000,1255.10000000,0.5594
1749261376,0.55400000,28648.30000000,0.5594
1749261376,0.55350000,897.50000000,0.5594
1749261376,0.55290000,424.20000000,0.5594
1749261376,0.55280000,232.80000000,0.5594
1749261376,0.55240000,23569.00000000,0.5594
1749261376,0.55200000,22.00000000,0.5594
1749261376,0.55180000,1255.00000000,0.5594
1749261376,0.55160000,607.50000000,0.5594
1749261376,0.55120000,36.30000000,0.5594
1749261376,0.55080000,915.20000000,0.5594
1749261376,0.55010000,17975.90000000,0.5594
1749261376,0.55000000,3962.50000000,0.5594
1749261376,0.54960000,14343.50000000,0.5594
1749261376,0.54950000,77.20000000,0.5594
1749261376,0.54930000,9.90000000,0.5594
1749261376,0.54910000,610.30000000,0.5594
1749261376,0.54890000,610.50000000,0.5594
1749261376,0.54800000,22.00000000,0.5594
1749261376,0.54700000,120.90000000,0.5594
1749261376,0.54650000,430.80000000,0.5594
1749261376,0.54600000,22.00000000,0.5594
1749261376,0.54550000,18191.10000000,0.5594
1749261376,0.54540000,5788.60000000,0.5594
1749261376,0.54500000,24.20000000,0.5594
1749261376,0.54420000,9.90000000,0.5594
1749261376,0.54410000,11.00000000,0.5594
1749261376,0.54400000,22.00000000,0.5594
1749261376,0.54390000,18.30000000,0.5594
1749261376,0.54300000,55.20000000,0.5594
1749261376,0.54280000,77.20000000,0.5594
1749261376,0.54200000,22.00000000,0.5594
1749261376,0.54120000,5770.80000000,0.5594
1749261376,0.54020000,30.30000000,0.5594
1749261376,0.54000000,131.60000000,0.5594
1749261376,0.53910000,9.90000000,0.5594
1749261376,0.53900000,20.80000000,0.5594
1749261376,0.53800000,110.40000000,0.5594
1749261376,0.53780000,92.90000000,0.5594
1749261376,0.53710000,2885.40000000,0.5594
1749261376,0.53650000,19.50000000,0.5594
1749261376,0.53620000,120.90000000,0.5594
1749261376,0.53610000,45.20000000,0.5594
1749261376,0.53600000,37.30000000,0.5594
1749261376,0.53500000,2483.80000000,0.5594
1749261376,0.53450000,37.30000000,0.5594
1749261376,0.53440000,93.50000000,0.5594
1749261376,0.53400000,31.90000000,0.5594
1749261376,0.53350000,66.90000000,0.5594
1749261376,0.53310000,100.00000000,0.5594
1749261376,0.53300000,18.70000000,0.5594
1749261376,0.53280000,16.80000000,0.5594
1749261376,0.53240000,11.20000000,0.5594
1749261376,0.53200000,32.50000000,0.5594
1749261376,0.53100000,2133.90000000,0.5594
1749261376,0.53080000,26.60000000,0.5594
1749261376,0.53070000,95.60000000,0.5594
1749261376,0.53030000,63.80000000,0.5594
1749261394,0.55930000,169.30000000,0.5594
1749261394,0.55920000,43.80000000,0.5594
1749261394,0.55910000,141.20000000,0.5594
1749261394,0.55900000,1078.70000000,0.5594
1749261394,0.55890000,409.90000000,0.5594
1749261394,0.55880000,4075.40000000,0.5594
1749261394,0.55870000,11192.30000000,0.5594
1749261394,0.55860000,8431.10000000,0.5594
1749261394,0.55850000,11371.00000000,0.5594
1749261394,0.55840000,4189.40000000,0.5594
1749261394,0.55830000,9929.50000000,0.5594
1749261394,0.55820000,2894.40000000,0.5594
1749261394,0.55810000,4053.00000000,0.5594
1749261394,0.55800000,3043.50000000,0.5594
1749261394,0.55790000,4653.00000000,0.5594
1749261394,0.55780000,12804.40000000,0.5594
1749261394,0.55770000,3190.50000000,0.5594
1749261394,0.55760000,1875.50000000,0.5594
1749261394,0.55750000,355.60000000,0.5594
1749261394,0.55740000,355.60000000,0.5594
1749261394,0.55730000,1056.40000000,0.5594
1749261394,0.55720000,734.70000000,0.5594
1749261394,0.55710000,5534.60000000,0.5594
1749261394,0.55700000,355.60000000,0.5594
1749261394,0.55690000,5779.10000000,0.5594
1749261394,0.55680000,2647.60000000,0.5594
1749261394,0.55670000,355.70000000,0.5594
1749261394,0.55660000,1389.80000000,0.5594
1749261394,0.55650000,11317.80000000,0.5594
1749261394,0.55640000,214.40000000,0.5594
1749261394,0.55630000,141.20000000,0.5594
1749261394,0.55620000,5657.90000000,0.5594
1749261394,0.55610000,17556.40000000,0.5594
1749261394,0.55600000,544.00000000,0.5594
1749261394,0.55590000,537.10000000,0.5594
1749261394,0.55580000,1145.30000000,0.5594
1749261394,0.55570000,23496.20000000,0.5594
1749261394,0.55560000,214.50000000,0.5594
1749261394,0.55550000,141.20000000,0.5594
1749261394,0.55540000,2095.60000000,0.5594
1749261394,0.55530000,2261.70000000,0.5594
1749261394,0.55520000,214.50000000,0.5594
1749261394,0.55510000,424.20000000,0.5594
1749261394,0.55500000,9.60000000,0.5594
1749261394,0.55450000,9.90000000,0.5594
1749261394,0.55400000,28648.30000000,0.5594
1749261394,0.55350000,897.50000000,0.5594
1749261394,0.55290000,424.20000000,0.5594
1749261394,0.55280000,232.80000000,0.5594
1749261394,0.55240000,23569.00000000,0.5594
1749261394,0.55200000,22.00000000,0.5594
1749261394,0.55180000,1255.00000000,0.5594
1749261394,0.55160000,607.50000000,0.5594
1749261394,0.55120000,36.30000000,0.5594
1749261394,0.55080000,915.20000000,0.5594
1749261394,0.55010000,17975.90000000,0.5594
1749261394,0.55000000,3962.50000000,0.5594
1749261394,0.54960000,14343.50000000,0.5594
1749261394,0.54950000,77.20000000,0.5594
1749261394,0.54930000,9.90000000,0.5594
1749261394,0.54910000,610.30000000,0.5594
1749261394,0.54890000,610.50000000,0.5594
1749261394,0.54800000,22.00000000,0.5594
1749261394,0.54700000,120.90000000,0.5594
1749261394,0.54650000,430.80000000,0.5594
1749261394,0.54600000,22.00000000,0.5594
1749261394,0.54550000,18191.10000000,0.5594
1749261394,0.54540000,5788.60000000,0.5594
1749261394,0.54500000,24.20000000,0.5594
1749261394,0.54420000,9.90000000,0.5594
1749261394,0.54410000,11.00000000,0.5594
1749261394,0.54400000,22.00000000,0.5594
1749261394,0.54390000,18.30000000,0.5594
1749261394,0.54300000,55.20000000,0.5594
1749261394,0.54280000,77.20000000,0.5594
1749261394,0.54200000,22.00000000,0.5594
1749261394,0.54120000,5770.80000000,0.5594
1749261394,0.54020000,30.30000000,0.5594
1749261394,0.54000000,131.60000000,0.5594
1749261394,0.53910000,9.90000000,0.5594
1749261394,0.53900000,20.80000000,0.5594
1749261394,0.53800000,110.40000000,0.5594
1749261394,0.53780000,92.90000000,0.5594
1749261394,0.53710000,2885.40000000,0.5594
1749261394,0.53650000,19.50000000,0.5594
1749261394,0.53620000,120.90000000,0.5594
1749261394,0.53610000,45.20000000,0.5594
1749261394,0.53600000,37.30000000,0.5594
1749261394,0.53500000,2483.80000000,0.5594
1749261394,0.53450000,37.30000000,0.5594
1749261394,0.53440000,93.50000000,0.5594
1749261394,0.53400000,31.90000000,0.5594
1749261394,0.53350000,66.90000000,0.5594
1749261394,0.53310000,100.00000000,0.5594
1749261394,0.53300000,18.70000000,0.5594
1749261394,0.53280000,16.80000000,0.5594
1749261394,0.53240000,11.20000000,0.5594
1749261394,0.53200000,32.50000000,0.5594
1749261394,0.53100000,2133.90000000,0.5594
1749261394,0.53080000,26.60000000,0.5594
1749261677,0.55930000,1550.90000000,0.5591
1749261677,0.55910000,141.20000000,0.5591
1749261677,0.55900000,151.40000000,0.5591
1749261677,0.55890000,590.20000000,0.5591
1749261677,0.55880000,1496.80000000,0.5591
1749261677,0.55870000,450.10000000,0.5591
1749261677,0.55860000,1479.00000000,0.5591
1749261677,0.55850000,4730.60000000,0.5591
1749261677,0.55840000,4012.40000000,0.5591
1749261677,0.55830000,7706.80000000,0.5591
1749261677,0.55820000,14238.30000000,0.5591
1749261677,0.55810000,841.20000000,0.5591
1749261677,0.55800000,1437.70000000,0.5591
1749261677,0.55790000,4653.00000000,0.5591
1749261677,0.55780000,3016.80000000,0.5591
1749261677,0.55770000,2477.90000000,0.5591
1749261677,0.55760000,6628.30000000,0.5591
1749261677,0.55750000,355.60000000,0.5591
1749261677,0.55740000,355.60000000,0.5591
1749261677,0.55730000,1667.10000000,0.5591
1749261677,0.55720000,734.70000000,0.5591
1749261677,0.55710000,12846.00000000,0.5591
1749261677,0.55700000,355.60000000,0.5591
1749261677,0.55690000,16955.70000000,0.5591
1749261677,0.55680000,3042.90000000,0.5591
1749261677,0.55670000,355.70000000,0.5591
1749261677,0.55660000,1144.90000000,0.5591
1749261677,0.55650000,496.00000000,0.5591
1749261677,0.55640000,355.60000000,0.5591
1749261677,0.55630000,821.00000000,0.5591
1749261677,0.55620000,5291.60000000,0.5591
1749261677,0.55610000,17556.40000000,0.5591
1749261677,0.55600000,544.00000000,0.5591
1749261677,0.55590000,141.20000000,0.5591
1749261677,0.55580000,355.70000000,0.5591
1749261677,0.55570000,23113.30000000,0.5591
1749261677,0.55560000,214.50000000,0.5591
1749261677,0.55550000,141.20000000,0.5591
1749261677,0.55540000,355.70000000,0.5591
1749261677,0.55530000,2261.70000000,0.5591
1749261677,0.55520000,214.50000000,0.5591
1749261677,0.55510000,28626.30000000,0.5591
1749261677,0.55500000,224.10000000,0.5591
1749261677,0.55470000,1955.00000000,0.5591
1749261677,0.55450000,224.40000000,0.5591
1749261677,0.55430000,214.60000000,0.5591
1749261677,0.55420000,1256.10000000,0.5591
1749261677,0.55400000,446.20000000,0.5591
1749261677,0.55290000,424.20000000,0.5591
1749261677,0.55280000,232.80000000,0.5591
1749261677,0.55240000,23569.00000000,0.5591
1749261677,0.55200000,22.00000000,0.5591
1749261677,0.55160000,607.50000000,0.5591
1749261677,0.55120000,36.30000000,0.5591
1749261677,0.55080000,915.20000000,0.5591
1749261677,0.55010000,17975.90000000,0.5591
1749261677,0.55000000,3962.50000000,0.5591
1749261677,0.54960000,14343.50000000,0.5591
1749261677,0.54950000,77.20000000,0.5591
1749261677,0.54930000,9.90000000,0.5591
1749261677,0.54910000,610.30000000,0.5591
1749261677,0.54890000,610.50000000,0.5591
1749261677,0.54800000,22.00000000,0.5591
1749261677,0.54700000,120.90000000,0.5591
1749261677,0.54650000,430.80000000,0.5591
1749261677,0.54600000,22.00000000,0.5591
1749261677,0.54550000,18191.10000000,0.5591
1749261677,0.54540000,5788.60000000,0.5591
1749261677,0.54500000,24.20000000,0.5591
1749261677,0.54420000,9.90000000,0.5591
1749261677,0.54410000,11.00000000,0.5591
1749261677,0.54400000,22.00000000,0.5591
1749261677,0.54390000,18.30000000,0.5591
1749261677,0.54300000,55.20000000,0.5591
1749261677,0.54280000,77.20000000,0.5591
1749261677,0.54200000,22.00000000,0.5591
1749261677,0.54120000,5770.80000000,0.5591
1749261677,0.54020000,30.30000000,0.5591
1749261677,0.54000000,131.60000000,0.5591
1749261677,0.53910000,9.90000000,0.5591
1749261677,0.53900000,20.80000000,0.5591
1749261677,0.53800000,110.40000000,0.5591
1749261677,0.53780000,92.90000000,0.5591
1749261677,0.53710000,2885.40000000,0.5591
1749261677,0.53650000,19.50000000,0.5591
1749261677,0.53620000,120.90000000,0.5591
1749261677,0.53610000,45.20000000,0.5591
1749261677,0.53600000,37.30000000,0.5591
1749261677,0.53500000,2483.80000000,0.5591
1749261677,0.53450000,37.30000000,0.5591
1749261677,0.53440000,93.50000000,0.5591
1749261677,0.53400000,31.90000000,0.5591
1749261677,0.53350000,66.90000000,0.5591
1749261677,0.53310000,100.00000000,0.5591
1749261677,0.53300000,18.70000000,0.5591
1749261677,0.53280000,16.80000000,0.5591
1749261677,0.53240000,11.20000000,0.5591
1749261677,0.53200000,32.50000000,0.5591
1749261677,0.53100000,2133.90000000,0.5591
1749261677,0.53080000,26.60000000,0.5591
1749261700,0.55920000,491.00000000,0.5591
1749261700,0.55910000,1034.80000000,0.5591
1749261700,0.55900000,151.40000000,0.5591
1749261700,0.55890000,141.20000000,0.5591
1749261700,0.55880000,602.80000000,0.5591
1749261700,0.55870000,758.20000000,0.5591
1749261700,0.55860000,2456.30000000,0.5591
1749261700,0.55850000,3836.20000000,0.5591
1749261700,0.55840000,4012.40000000,0.5591
1749261700,0.55830000,9496.50000000,0.5591
1749261700,0.55820000,14898.30000000,0.5591
1749261700,0.55810000,2555.20000000,0.5591
1749261700,0.55800000,1437.70000000,0.5591
1749261700,0.55790000,7530.60000000,0.5591
1749261700,0.55780000,141.20000000,0.5591
1749261700,0.55770000,2477.90000000,0.5591
1749261700,0.55760000,6628.30000000,0.5591
1749261700,0.55750000,355.60000000,0.5591
1749261700,0.55740000,355.60000000,0.5591
1749261700,0.55730000,1389.80000000,0.5591
1749261700,0.55720000,355.60000000,0.5591
1749261700,0.55710000,12846.00000000,0.5591
1749261700,0.55700000,355.60000000,0.5591
1749261700,0.55690000,16955.70000000,0.5591
1749261700,0.55680000,3722.10000000,0.5591
1749261700,0.55670000,355.70000000,0.5591
1749261700,0.55660000,1144.90000000,0.5591
1749261700,0.55650000,496.00000000,0.5591
1749261700,0.55640000,355.60000000,0.5591
1749261700,0.55630000,141.20000000,0.5591
1749261700,0.55620000,5291.60000000,0.5591
1749261700,0.55610000,17556.40000000,0.5591
1749261700,0.55600000,544.00000000,0.5591
1749261700,0.55590000,141.20000000,0.5591
1749261700,0.55580000,355.70000000,0.5591
1749261700,0.55570000,23113.30000000,0.5591
1749261700,0.55560000,214.50000000,0.5591
1749261700,0.55550000,141.20000000,0.5591
1749261700,0.55540000,355.70000000,0.5591
1749261700,0.55530000,2120.50000000,0.5591
1749261700,0.55520000,214.50000000,0.5591
1749261700,0.55510000,28626.30000000,0.5591
1749261700,0.55500000,224.10000000,0.5591
1749261700,0.55470000,1955.00000000,0.5591
1749261700,0.55450000,224.40000000,0.5591
1749261700,0.55430000,214.60000000,0.5591
1749261700,0.55420000,1256.10000000,0.5591
1749261700,0.55400000,446.20000000,0.5591
1749261700,0.55290000,424.20000000,0.5591
1749261700,0.55280000,232.80000000,0.5591
1749261700,0.55240000,23569.00000000,0.5591
1749261700,0.55200000,22.00000000,0.5591
1749261700,0.55160000,607.50000000,0.5591
1749261700,0.55120000,36.30000000,0.5591
1749261700,0.55080000,915.20000000,0.5591
1749261700,0.55010000,17975.90000000,0.5591
1749261700,0.55000000,3962.50000000,0.5591
1749261700,0.54960000,14343.50000000,0.5591
1749261700,0.54950000,77.20000000,0.5591
1749261700,0.54930000,9.90000000,0.5591
1749261700,0.54910000,610.30000000,0.5591
1749261700,0.54890000,610.50000000,0.5591
1749261700,0.54800000,22.00000000,0.5591
1749261700,0.54700000,120.90000000,0.5591
1749261700,0.54650000,430.80000000,0.5591
1749261700,0.54600000,22.00000000,0.5591
1749261700,0.54550000,18191.10000000,0.5591
1749261700,0.54540000,5788.60000000,0.5591
1749261700,0.54500000,24.20000000,0.5591
1749261700,0.54420000,9.90000000,0.5591
1749261700,0.54410000,11.00000000,0.5591
1749261700,0.54400000,22.00000000,0.5591
1749261700,0.54390000,18.30000000,0.5591
1749261700,0.54300000,55.20000000,0.5591
1749261700,0.54280000,77.20000000,0.5591
1749261700,0.54200000,22.00000000,0.5591
1749261700,0.54120000,5770.80000000,0.5591
1749261700,0.54020000,30.30000000,0.5591
1749261700,0.54000000,131.60000000,0.5591
1749261700,0.53910000,9.90000000,0.5591
1749261700,0.53900000,20.80000000,0.5591
1749261700,0.53800000,110.40000000,0.5591
1749261700,0.53780000,92.90000000,0.5591
1749261700,0.53710000,2885.40000000,0.5591
1749261700,0.53650000,19.50000000,0.5591
1749261700,0.53620000,120.90000000,0.5591
1749261700,0.53610000,45.20000000,0.5591
1749261700,0.53600000,37.30000000,0.5591
1749261700,0.53500000,2483.80000000,0.5591
1749261700,0.53450000,37.30000000,0.5591
1749261700,0.53440000,93.50000000,0.5591
1749261700,0.53400000,31.90000000,0.5591
1749261700,0.53350000,66.90000000,0.5591
1749261700,0.53310000,100.00000000,0.5591
1749261700,0.53300000,18.70000000,0.5591
1749261700,0.53280000,16.80000000,0.5591
1749261700,0.53240000,11.20000000,0.5591
1749261700,0.53200000,32.50000000,0.5591
1749261700,0.53100000,2133.90000000,0.5591
1749261700,0.53080000,26.60000000,0.5591
1749261984,0.55780000,2501.50000000,0.5581
1749261984,0.55770000,1050.40000000,0.5581
1749261984,0.55760000,1187.60000000,0.5581
1749261984,0.55750000,4443.30000000,0.5581
1749261984,0.55740000,6383.50000000,0.5581
1749261984,0.55730000,10031.00000000,0.5581
1749261984,0.55720000,3270.60000000,0.5581
1749261984,0.55710000,7167.90000000,0.5581
1749261984,0.55700000,3039.90000000,0.5581
1749261984,0.55690000,1988.30000000,0.5581
1749261984,0.55680000,3507.40000000,0.5581
1749261984,0.55670000,5189.40000000,0.5581
1749261984,0.55660000,3351.90000000,0.5581
1749261984,0.55650000,3423.40000000,0.5581
1749261984,0.55640000,3934.90000000,0.5581
1749261984,0.55630000,475.20000000,0.5581
1749261984,0.55620000,6964.40000000,0.5581
1749261984,0.55610000,3914.80000000,0.5581
1749261984,0.55600000,18879.90000000,0.5581
1749261984,0.55590000,1718.50000000,0.5581
1749261984,0.55580000,6772.60000000,0.5581
1749261984,0.55570000,23972.00000000,0.5581
1749261984,0.55560000,17784.40000000,0.5581
1749261984,0.55550000,1915.60000000,0.5581
1749261984,0.55540000,4867.50000000,0.5581
1749261984,0.55530000,154.70000000,0.5581
1749261984,0.55520000,710.30000000,0.5581
1749261984,0.55510000,28626.30000000,0.5581
1749261984,0.55500000,547.10000000,0.5581
1749261984,0.55470000,369.20000000,0.5581
1749261984,0.55460000,1882.50000000,0.5581
1749261984,0.55450000,2480.70000000,0.5581
1749261984,0.55440000,13.50000000,0.5581
1749261984,0.55430000,355.80000000,0.5581
1749261984,0.55410000,369.10000000,0.5581
1749261984,0.55400000,587.40000000,0.5581
1749261984,0.55390000,355.60000000,0.5581
1749261984,0.55380000,13.50000000,0.5581
1749261984,0.55350000,228.40000000,0.5581
1749261984,0.55340000,1253.80000000,0.5581
1749261984,0.55330000,1399.30000000,0.5581
1749261984,0.55320000,13.50000000,0.5581
1749261984,0.55290000,437.70000000,0.5581
1749261984,0.55280000,232.80000000,0.5581
1749261984,0.55260000,13.50000000,0.5581
1749261984,0.55240000,23569.00000000,0.5581
1749261984,0.55230000,13.50000000,0.5581
1749261984,0.55200000,35.50000000,0.5581
1749261984,0.55180000,1255.00000000,0.5581
1749261984,0.55170000,13.50000000,0.5581
1749261984,0.55160000,607.50000000,0.5581
1749261984,0.55120000,950.90000000,0.5581
1749261984,0.55000000,21938.40000000,0.5581
1749261984,0.54960000,14343.50000000,0.5581
1749261984,0.54950000,77.20000000,0.5581
1749261984,0.54930000,9.90000000,0.5581
1749261984,0.54800000,633.50000000,0.5581
1749261984,0.54790000,611.60000000,0.5581
1749261984,0.54700000,120.90000000,0.5581
1749261984,0.54650000,430.80000000,0.5581
1749261984,0.54600000,22.00000000,0.5581
1749261984,0.54550000,111.20000000,0.5581
1749261984,0.54540000,23868.50000000,0.5581
1749261984,0.54500000,24.20000000,0.5581
1749261984,0.54420000,9.90000000,0.5581
1749261984,0.54410000,11.00000000,0.5581
1749261984,0.54400000,22.00000000,0.5581
1749261984,0.54390000,18.30000000,0.5581
1749261984,0.54300000,55.20000000,0.5581
1749261984,0.54280000,77.20000000,0.5581
1749261984,0.54200000,22.00000000,0.5581
1749261984,0.54120000,5770.80000000,0.5581
1749261984,0.54020000,30.30000000,0.5581
1749261984,0.54000000,131.60000000,0.5581
1749261984,0.53910000,9.90000000,0.5581
1749261984,0.53900000,20.80000000,0.5581
1749261984,0.53800000,110.40000000,0.5581
1749261984,0.53780000,92.90000000,0.5581
1749261984,0.53710000,2885.40000000,0.5581
1749261984,0.53650000,19.50000000,0.5581
1749261984,0.53620000,120.90000000,0.5581
1749261984,0.53610000,45.20000000,0.5581
1749261984,0.53600000,37.30000000,0.5581
1749261984,0.53500000,2483.80000000,0.5581
1749261984,0.53450000,37.30000000,0.5581
1749261984,0.53440000,93.50000000,0.5581
1749261984,0.53400000,31.90000000,0.5581
1749261984,0.53350000,66.90000000,0.5581
1749261984,0.53310000,100.00000000,0.5581
1749261984,0.53300000,18.70000000,0.5581
1749261984,0.53280000,16.80000000,0.5581
1749261984,0.53240000,11.20000000,0.5581
1749261984,0.53200000,32.50000000,0.5581
1749261984,0.53100000,2133.90000000,0.5581
1749261984,0.53080000,26.60000000,0.5581
1749261984,0.53070000,95.60000000,0.5581
1749261984,0.53030000,63.80000000,0.5581
1749261984,0.53000000,2049.60000000,0.5581
1749261984,0.52970000,77.20000000,0.5581
1749261984,0.52900000,3746.90000000,0.5581
1749262008,0.55830000,958.20000000,0.5583
1749262008,0.55820000,141.20000000,0.5583
1749262008,0.55810000,1036.20000000,0.5583
1749262008,0.55800000,154.70000000,0.5583
1749262008,0.55790000,154.70000000,0.5583
1749262008,0.55780000,407.70000000,0.5583
1749262008,0.55770000,960.50000000,0.5583
1749262008,0.55760000,2352.10000000,0.5583
1749262008,0.55750000,4443.30000000,0.5583
1749262008,0.55740000,7279.80000000,0.5583
1749262008,0.55730000,7576.20000000,0.5583
1749262008,0.55720000,3009.70000000,0.5583
1749262008,0.55710000,6375.30000000,0.5583
1749262008,0.55700000,1246.10000000,0.5583
1749262008,0.55690000,4600.30000000,0.5583
1749262008,0.55680000,1936.90000000,0.5583
1749262008,0.55670000,1212.00000000,0.5583
1749262008,0.55660000,3083.20000000,0.5583
1749262008,0.55650000,3154.70000000,0.5583
1749262008,0.55640000,3934.90000000,0.5583
1749262008,0.55630000,1358.00000000,0.5583
1749262008,0.55620000,5260.70000000,0.5583
1749262008,0.55610000,507.70000000,0.5583
1749262008,0.55600000,18879.90000000,0.5583
1749262008,0.55590000,835.00000000,0.5583
1749262008,0.55580000,6389.60000000,0.5583
1749262008,0.55570000,23972.00000000,0.5583
1749262008,0.55560000,17784.40000000,0.5583
1749262008,0.55550000,220.30000000,0.5583
1749262008,0.55540000,5222.10000000,0.5583
1749262008,0.55530000,154.70000000,0.5583
1749262008,0.55520000,355.70000000,0.5583
1749262008,0.55510000,28626.30000000,0.5583
1749262008,0.55500000,547.10000000,0.5583
1749262008,0.55490000,383.60000000,0.5583
1749262008,0.55470000,369.20000000,0.5583
1749262008,0.55460000,1882.50000000,0.5583
1749262008,0.55450000,2480.70000000,0.5583
1749262008,0.55440000,13.50000000,0.5583
1749262008,0.55430000,355.80000000,0.5583
1749262008,0.55410000,369.10000000,0.5583
1749262008,0.55400000,446.20000000,0.5583
1749262008,0.55390000,214.40000000,0.5583
1749262008,0.55380000,13.50000000,0.5583
1749262008,0.55350000,228.40000000,0.5583
1749262008,0.55340000,1112.60000000,0.5583
1749262008,0.55330000,1258.10000000,0.5583
1749262008,0.55320000,13.50000000,0.5583
1749262008,0.55290000,437.70000000,0.5583
1749262008,0.55280000,232.80000000,0.5583
1749262008,0.55260000,13.50000000,0.5583
1749262008,0.55240000,23569.00000000,0.5583
1749262008,0.55230000,13.50000000,0.5583
1749262008,0.55200000,35.50000000,0.5583
1749262008,0.55180000,1255.00000000,0.5583
1749262008,0.55170000,13.50000000,0.5583
1749262008,0.55160000,607.50000000,0.5583
1749262008,0.55120000,950.90000000,0.5583
1749262008,0.55000000,21938.40000000,0.5583
1749262008,0.54960000,14343.50000000,0.5583
1749262008,0.54950000,77.20000000,0.5583
1749262008,0.54930000,9.90000000,0.5583
1749262008,0.54800000,633.50000000,0.5583
1749262008,0.54790000,611.60000000,0.5583
1749262008,0.54700000,120.90000000,0.5583
1749262008,0.54650000,430.80000000,0.5583
1749262008,0.54600000,22.00000000,0.5583
1749262008,0.54550000,111.20000000,0.5583
1749262008,0.54540000,23868.50000000,0.5583
1749262008,0.54500000,24.20000000,0.5583
1749262008,0.54420000,9.90000000,0.5583
1749262008,0.54410000,11.00000000,0.5583
1749262008,0.54400000,22.00000000,0.5583
1749262008,0.54390000,18.30000000,0.5583
1749262008,0.54300000,55.20000000,0.5583
1749262008,0.54280000,77.20000000,0.5583
1749262008,0.54200000,22.00000000,0.5583
1749262008,0.54120000,5770.80000000,0.5583
1749262008,0.54020000,30.30000000,0.5583
1749262008,0.54000000,131.60000000,0.5583
1749262008,0.53910000,9.90000000,0.5583
1749262008,0.53900000,20.80000000,0.5583
1749262008,0.53800000,110.40000000,0.5583
1749262008,0.53780000,92.90000000,0.5583
1749262008,0.53710000,2885.40000000,0.5583
1749262008,0.53650000,19.50000000,0.5583
1749262008,0.53620000,120.90000000,0.5583
1749262008,0.53610000,45.20000000,0.5583
1749262008,0.53600000,37.30000000,0.5583
1749262008,0.53500000,2483.80000000,0.5583
1749262008,0.53450000,37.30000000,0.5583
1749262008,0.53440000,93.50000000,0.5583
1749262008,0.53400000,31.90000000,0.5583
1749262008,0.53350000,66.90000000,0.5583
1749262008,0.53310000,100.00000000,0.5583
1749262008,0.53300000,18.70000000,0.5583
1749262008,0.53280000,16.80000000,0.5583
1749262008,0.53240000,11.20000000,0.5583
1749262008,0.53200000,32.50000000,0.5583
1749262008,0.53100000,2133.90000000,0.5583
1749262285,0.55900000,26.70000000,0.5587
1749262285,0.55890000,141.20000000,0.5587
1749262285,0.55880000,303.30000000,0.5587
1749262285,0.55870000,154.70000000,0.5587
1749262285,0.55860000,623.40000000,0.5587
1749262285,0.55850000,982.70000000,0.5587
1749262285,0.55840000,4346.60000000,0.5587
1749262285,0.55830000,5472.00000000,0.5587
1749262285,0.55820000,3107.60000000,0.5587
1749262285,0.55810000,6612.30000000,0.5587
1749262285,0.55800000,11982.20000000,0.5587
1749262285,0.55790000,8848.10000000,0.5587
1749262285,0.55780000,139.00000000,0.5587
1749262285,0.55770000,436.90000000,0.5587
1749262285,0.55760000,2242.40000000,0.5587
1749262285,0.55750000,3234.50000000,0.5587
1749262285,0.55740000,3045.20000000,0.5587
1749262285,0.55730000,154.70000000,0.5587
1749262285,0.55720000,1541.00000000,0.5587
1749262285,0.55710000,10317.90000000,0.5587
1749262285,0.55700000,3369.10000000,0.5587
1749262285,0.55690000,2698.00000000,0.5587
1749262285,0.55680000,9498.50000000,0.5587
1749262285,0.55670000,355.70000000,0.5587
1749262285,0.55660000,13370.20000000,0.5587
1749262285,0.55650000,1012.20000000,0.5587
1749262285,0.55640000,3934.90000000,0.5587
1749262285,0.55630000,821.00000000,0.5587
1749262285,0.55620000,23074.90000000,0.5587
1749262285,0.55610000,507.70000000,0.5587
1749262285,0.55600000,377.70000000,0.5587
1749262285,0.55590000,537.60000000,0.5587
1749262285,0.55580000,830.70000000,0.5587
1749262285,0.55570000,23113.30000000,0.5587
1749262285,0.55560000,369.20000000,0.5587
1749262285,0.55550000,141.20000000,0.5587
1749262285,0.55540000,355.70000000,0.5587
1749262285,0.55530000,13.50000000,0.5587
1749262285,0.55520000,214.50000000,0.5587
1749262285,0.55510000,28626.30000000,0.5587
1749262285,0.55500000,405.90000000,0.5587
1749262285,0.55470000,228.00000000,0.5587
1749262285,0.55460000,1741.30000000,0.5587
1749262285,0.55450000,2339.50000000,0.5587
1749262285,0.55440000,13.50000000,0.5587
1749262285,0.55430000,214.60000000,0.5587
1749262285,0.55410000,227.90000000,0.5587
1749262285,0.55400000,446.20000000,0.5587
1749262285,0.55390000,214.40000000,0.5587
1749262285,0.55380000,13.50000000,0.5587
1749262285,0.55350000,228.40000000,0.5587
1749262285,0.55340000,1112.60000000,0.5587
1749262285,0.55330000,1258.10000000,0.5587
1749262285,0.55320000,13.50000000,0.5587
1749262285,0.55290000,437.70000000,0.5587
1749262285,0.55280000,232.80000000,0.5587
1749262285,0.55260000,13.50000000,0.5587
1749262285,0.55240000,23569.00000000,0.5587
1749262285,0.55230000,13.50000000,0.5587
1749262285,0.55200000,35.50000000,0.5587
1749262285,0.55180000,1255.00000000,0.5587
1749262285,0.55170000,13.50000000,0.5587
1749262285,0.55160000,607.50000000,0.5587
1749262285,0.55120000,950.90000000,0.5587
1749262285,0.55010000,17975.90000000,0.5587
1749262285,0.55000000,3962.50000000,0.5587
1749262285,0.54960000,14343.50000000,0.5587
1749262285,0.54950000,77.20000000,0.5587
1749262285,0.54940000,609.90000000,0.5587
1749262285,0.54930000,9.90000000,0.5587
1749262285,0.54800000,633.50000000,0.5587
1749262285,0.54700000,120.90000000,0.5587
1749262285,0.54650000,430.80000000,0.5587
1749262285,0.54600000,22.00000000,0.5587
1749262285,0.54550000,18191.10000000,0.5587
1749262285,0.54540000,5788.60000000,0.5587
1749262285,0.54500000,24.20000000,0.5587
1749262285,0.54420000,9.90000000,0.5587
1749262285,0.54410000,11.00000000,0.5587
1749262285,0.54400000,22.00000000,0.5587
1749262285,0.54390000,18.30000000,0.5587
1749262285,0.54300000,55.20000000,0.5587
1749262285,0.54280000,77.20000000,0.5587
1749262285,0.54200000,22.00000000,0.5587
1749262285,0.54120000,5770.80000000,0.5587
1749262285,0.54020000,30.30000000,0.5587
1749262285,0.54000000,131.60000000,0.5587
1749262285,0.53910000,9.90000000,0.5587
1749262285,0.53900000,20.80000000,0.5587
1749262285,0.53800000,110.40000000,0.5587
1749262285,0.53780000,92.90000000,0.5587
1749262285,0.53710000,2885.40000000,0.5587
1749262285,0.53650000,19.50000000,0.5587
1749262285,0.53620000,120.90000000,0.5587
1749262285,0.53610000,45.20000000,0.5587
1749262285,0.53600000,37.30000000,0.5587
1749262285,0.53500000,2483.80000000,0.5587
1749262285,0.53450000,37.30000000,0.5587
1749262285,0.53440000,93.50000000,0.5587
1749262285,0.53400000,31.90000000,0.5587
1749262310,0.55870000,154.70000000,0.5588
1749262310,0.55860000,168.20000000,0.5588
1749262310,0.55850000,1477.80000000,0.5588
1749262310,0.55840000,2072.60000000,0.5588
1749262310,0.55830000,2722.70000000,0.5588
1749262310,0.55820000,2713.60000000,0.5588
1749262310,0.55810000,2783.20000000,0.5588
1749262310,0.55800000,3671.30000000,0.5588
1749262310,0.55790000,8362.10000000,0.5588
1749262310,0.55780000,3862.60000000,0.5588
1749262310,0.55770000,2275.70000000,0.5588
1749262310,0.55760000,571.20000000,0.5588
1749262310,0.55750000,423.40000000,0.5588
1749262310,0.55740000,1276.20000000,0.5588
1749262310,0.55730000,3017.70000000,0.5588
1749262310,0.55720000,1541.00000000,0.5588
1749262310,0.55710000,10317.90000000,0.5588
1749262310,0.55700000,3369.10000000,0.5588
1749262310,0.55690000,1939.80000000,0.5588
1749262310,0.55680000,13573.70000000,0.5588
1749262310,0.55670000,2194.50000000,0.5588
1749262310,0.55660000,13370.20000000,0.5588
1749262310,0.55650000,1012.20000000,0.5588
1749262310,0.55640000,3934.90000000,0.5588
1749262310,0.55630000,141.20000000,0.5588
1749262310,0.55620000,22720.30000000,0.5588
1749262310,0.55610000,507.70000000,0.5588
1749262310,0.55600000,377.70000000,0.5588
1749262310,0.55590000,892.20000000,0.5588
1749262310,0.55580000,830.70000000,0.5588
1749262310,0.55570000,23113.30000000,0.5588
1749262310,0.55560000,369.20000000,0.5588
1749262310,0.55550000,141.20000000,0.5588
1749262310,0.55540000,355.70000000,0.5588
1749262310,0.55530000,13.50000000,0.5588
1749262310,0.55520000,355.70000000,0.5588
1749262310,0.55510000,28626.30000000,0.5588
1749262310,0.55500000,547.10000000,0.5588
1749262310,0.55470000,369.20000000,0.5588
1749262310,0.55460000,1741.30000000,0.5588
1749262310,0.55450000,2339.50000000,0.5588
1749262310,0.55440000,13.50000000,0.5588
1749262310,0.55430000,214.60000000,0.5588
1749262310,0.55410000,227.90000000,0.5588
1749262310,0.55400000,446.20000000,0.5588
1749262310,0.55390000,214.40000000,0.5588
1749262310,0.55380000,13.50000000,0.5588
1749262310,0.55350000,228.40000000,0.5588
1749262310,0.55340000,1112.60000000,0.5588
1749262310,0.55330000,1258.10000000,0.5588
1749262310,0.55320000,13.50000000,0.5588
1749262310,0.55290000,437.70000000,0.5588
1749262310,0.55280000,232.80000000,0.5588
1749262310,0.55260000,13.50000000,0.5588
1749262310,0.55240000,23569.00000000,0.5588
1749262310,0.55230000,13.50000000,0.5588
1749262310,0.55200000,35.50000000,0.5588
1749262310,0.55180000,1255.00000000,0.5588
1749262310,0.55170000,13.50000000,0.5588
1749262310,0.55160000,607.50000000,0.5588
1749262310,0.55120000,950.90000000,0.5588
1749262310,0.55010000,17975.90000000,0.5588
1749262310,0.55000000,3962.50000000,0.5588
1749262310,0.54960000,14343.50000000,0.5588
1749262310,0.54950000,77.20000000,0.5588
1749262310,0.54940000,609.90000000,0.5588
1749262310,0.54930000,9.90000000,0.5588
1749262310,0.54800000,633.50000000,0.5588
1749262310,0.54700000,120.90000000,0.5588
1749262310,0.54650000,430.80000000,0.5588
1749262310,0.54600000,22.00000000,0.5588
1749262310,0.54550000,18191.10000000,0.5588
1749262310,0.54540000,5788.60000000,0.5588
1749262310,0.54500000,24.20000000,0.5588
1749262310,0.54420000,9.90000000,0.5588
1749262310,0.54410000,11.00000000,0.5588
1749262310,0.54400000,22.00000000,0.5588
1749262310,0.54390000,18.30000000,0.5588
1749262310,0.54300000,55.20000000,0.5588
1749262310,0.54280000,77.20000000,0.5588
1749262310,0.54200000,22.00000000,0.5588
1749262310,0.54120000,5770.80000000,0.5588
1749262310,0.54020000,30.30000000,0.5588
1749262310,0.54000000,131.60000000,0.5588
1749262310,0.53910000,9.90000000,0.5588
1749262310,0.53900000,20.80000000,0.5588
1749262310,0.53800000,110.40000000,0.5588
1749262310,0.53780000,92.90000000,0.5588
1749262310,0.53710000,2885.40000000,0.5588
1749262310,0.53650000,19.50000000,0.5588
1749262310,0.53620000,120.90000000,0.5588
1749262310,0.53610000,45.20000000,0.5588
1749262310,0.53600000,37.30000000,0.5588
1749262310,0.53500000,2483.80000000,0.5588
1749262310,0.53450000,37.30000000,0.5588
1749262310,0.53440000,93.50000000,0.5588
1749262310,0.53400000,31.90000000,0.5588
1749262310,0.53350000,66.90000000,0.5588
1749262310,0.53310000,100.00000000,0.5588
1749262310,0.53300000,18.70000000,0.5588
1749262587,0.55980000,1074.80000000,0.5598
1749262587,0.55970000,13.40000000,0.5598
1749262587,0.55960000,3226.60000000,0.5598
1749262587,0.55950000,8113.70000000,0.5598
1749262587,0.55940000,5692.90000000,0.5598
1749262587,0.55930000,9776.20000000,0.5598
1749262587,0.55920000,1394.00000000,0.5598
1749262587,0.55910000,2697.70000000,0.5598
1749262587,0.55900000,1031.60000000,0.5598
1749262587,0.55890000,848.00000000,0.5598
1749262587,0.55880000,3473.00000000,0.5598
1749262587,0.55870000,5161.00000000,0.5598
1749262587,0.55860000,1293.60000000,0.5598
1749262587,0.55850000,7447.70000000,0.5598
1749262587,0.55840000,369.00000000,0.5598
1749262587,0.55830000,1076.50000000,0.5598
1749262587,0.55820000,5070.20000000,0.5598
1749262587,0.55810000,4918.70000000,0.5598
1749262587,0.55800000,6203.30000000,0.5598
1749262587,0.55790000,10304.40000000,0.5598
1749262587,0.55780000,1973.70000000,0.5598
1749262587,0.55770000,2306.80000000,0.5598
1749262587,0.55760000,355.80000000,0.5598
1749262587,0.55750000,220.10000000,0.5598
1749262587,0.55740000,5889.10000000,0.5598
1749262587,0.55730000,1421.70000000,0.5598
1749262587,0.55720000,355.60000000,0.5598
1749262587,0.55710000,16197.70000000,0.5598
1749262587,0.55700000,721.50000000,0.5598
1749262587,0.55690000,306.90000000,0.5598
1749262587,0.55680000,2186.40000000,0.5598
1749262587,0.55670000,751.10000000,0.5598
1749262587,0.55660000,355.60000000,0.5598
1749262587,0.55650000,154.70000000,0.5598
1749262587,0.55640000,355.60000000,0.5598
1749262587,0.55630000,141.20000000,0.5598
1749262587,0.55620000,18208.50000000,0.5598
1749262587,0.55610000,141.20000000,0.5598
1749262587,0.55600000,236.50000000,0.5598
1749262587,0.55590000,13.50000000,0.5598
1749262587,0.55580000,214.50000000,0.5598
1749262587,0.55570000,22972.10000000,0.5598
1749262587,0.55560000,228.00000000,0.5598
1749262587,0.55540000,214.50000000,0.5598
1749262587,0.55530000,2168.90000000,0.5598
1749262587,0.55520000,214.50000000,0.5598
1749262587,0.55510000,28626.30000000,0.5598
1749262587,0.55500000,237.60000000,0.5598
1749262587,0.55470000,1482.90000000,0.5598
1749262587,0.55460000,1741.30000000,0.5598
1749262587,0.55450000,224.40000000,0.5598
1749262587,0.55440000,13.50000000,0.5598
1749262587,0.55410000,13.50000000,0.5598
1749262587,0.55400000,446.20000000,0.5598
1749262587,0.55380000,13.50000000,0.5598
1749262587,0.55350000,13.50000000,0.5598
1749262587,0.55340000,897.70000000,0.5598
1749262587,0.55320000,13.50000000,0.5598
1749262587,0.55300000,606.00000000,0.5598
1749262587,0.55290000,13.50000000,0.5598
1749262587,0.55280000,232.70000000,0.5598
1749262587,0.55260000,13.50000000,0.5598
1749262587,0.55240000,23569.00000000,0.5598
1749262587,0.55230000,13.50000000,0.5598
1749262587,0.55200000,35.50000000,0.5598
1749262587,0.55180000,1255.00000000,0.5598
1749262587,0.55170000,13.50000000,0.5598
1749262587,0.55120000,1558.90000000,0.5598
1749262587,0.55010000,17975.90000000,0.5598
1749262587,0.55000000,3962.50000000,0.5598
1749262587,0.54970000,609.60000000,0.5598
1749262587,0.54960000,14343.50000000,0.5598
1749262587,0.54950000,77.20000000,0.5598
1749262587,0.54930000,9.90000000,0.5598
1749262587,0.54800000,22.00000000,0.5598
1749262587,0.54700000,120.90000000,0.5598
1749262587,0.54650000,430.80000000,0.5598
1749262587,0.54600000,22.00000000,0.5598
1749262587,0.54550000,18191.10000000,0.5598
1749262587,0.54540000,5788.60000000,0.5598
1749262587,0.54500000,24.20000000,0.5598
1749262587,0.54420000,9.90000000,0.5598
1749262587,0.54410000,11.00000000,0.5598
1749262587,0.54400000,22.00000000,0.5598
1749262587,0.54390000,18.30000000,0.5598
1749262587,0.54300000,55.20000000,0.5598
1749262587,0.54280000,77.20000000,0.5598
1749262587,0.54200000,22.00000000,0.5598
1749262587,0.54120000,5770.80000000,0.5598
1749262587,0.54020000,30.30000000,0.5598
1749262587,0.54000000,131.60000000,0.5598
1749262587,0.53910000,9.90000000,0.5598
1749262587,0.53900000,20.80000000,0.5598
1749262587,0.53800000,110.40000000,0.5598
1749262587,0.53780000,92.90000000,0.5598
1749262587,0.53710000,2885.40000000,0.5598
1749262587,0.53650000,19.50000000,0.5598
1749262587,0.53620000,120.90000000,0.5598
1749262587,0.53610000,45.20000000,0.5598
1749262587,0.53600000,37.30000000,0.5598
1749262611,0.55990000,141.20000000,0.5598
1749262611,0.55980000,1088.20000000,0.5598
1749262611,0.55970000,13.40000000,0.5598
1749262611,0.55960000,805.70000000,0.5598
1749262611,0.55950000,2099.20000000,0.5598
1749262611,0.55940000,4083.90000000,0.5598
1749262611,0.55930000,9437.80000000,0.5598
1749262611,0.55920000,10086.10000000,0.5598
1749262611,0.55910000,6437.70000000,0.5598
1749262611,0.55900000,2258.90000000,0.5598
1749262611,0.55890000,848.00000000,0.5598
1749262611,0.55880000,3473.00000000,0.5598
1749262611,0.55870000,5863.50000000,0.5598
1749262611,0.55860000,2341.70000000,0.5598
1749262611,0.55850000,10313.50000000,0.5598
1749262611,0.55840000,3369.00000000,0.5598
1749262611,0.55830000,1076.50000000,0.5598
1749262611,0.55820000,1053.30000000,0.5598
1749262611,0.55810000,702.00000000,0.5598
1749262611,0.55800000,3203.30000000,0.5598
1749262611,0.55790000,10304.40000000,0.5598
1749262611,0.55780000,1960.20000000,0.5598
1749262611,0.55770000,2306.80000000,0.5598
1749262611,0.55760000,355.80000000,0.5598
1749262611,0.55750000,220.10000000,0.5598
1749262611,0.55740000,3944.90000000,0.5598
1749262611,0.55730000,1421.70000000,0.5598
1749262611,0.55720000,355.60000000,0.5598
1749262611,0.55710000,16197.70000000,0.5598
1749262611,0.55700000,721.50000000,0.5598
1749262611,0.55690000,306.90000000,0.5598
1749262611,0.55680000,19601.60000000,0.5598
1749262611,0.55670000,751.10000000,0.5598
1749262611,0.55660000,355.60000000,0.5598
1749262611,0.55650000,154.70000000,0.5598
1749262611,0.55640000,355.60000000,0.5598
1749262611,0.55630000,141.20000000,0.5598
1749262611,0.55620000,793.30000000,0.5598
1749262611,0.55610000,141.20000000,0.5598
1749262611,0.55600000,236.50000000,0.5598
1749262611,0.55590000,13.50000000,0.5598
1749262611,0.55580000,214.50000000,0.5598
1749262611,0.55570000,22972.10000000,0.5598
1749262611,0.55560000,228.00000000,0.5598
1749262611,0.55540000,214.50000000,0.5598
1749262611,0.55530000,2168.90000000,0.5598
1749262611,0.55520000,214.50000000,0.5598
1749262611,0.55510000,28626.30000000,0.5598
1749262611,0.55500000,237.60000000,0.5598
1749262611,0.55470000,1482.90000000,0.5598
1749262611,0.55460000,1741.30000000,0.5598
1749262611,0.55450000,224.40000000,0.5598
1749262611,0.55440000,13.50000000,0.5598
1749262611,0.55410000,13.50000000,0.5598
1749262611,0.55400000,446.20000000,0.5598
1749262611,0.55380000,13.50000000,0.5598
1749262611,0.55350000,13.50000000,0.5598
1749262611,0.55340000,897.70000000,0.5598
1749262611,0.55320000,13.50000000,0.5598
1749262611,0.55300000,606.00000000,0.5598
1749262611,0.55290000,13.50000000,0.5598
1749262611,0.55280000,232.70000000,0.5598
1749262611,0.55260000,13.50000000,0.5598
1749262611,0.55240000,23569.00000000,0.5598
1749262611,0.55230000,13.50000000,0.5598
1749262611,0.55200000,35.50000000,0.5598
1749262611,0.55180000,1255.00000000,0.5598
1749262611,0.55170000,13.50000000,0.5598
1749262611,0.55120000,1558.90000000,0.5598
1749262611,0.55010000,17975.90000000,0.5598
1749262611,0.55000000,3962.50000000,0.5598
1749262611,0.54970000,609.60000000,0.5598
1749262611,0.54960000,14343.50000000,0.5598
1749262611,0.54950000,77.20000000,0.5598
1749262611,0.54930000,9.90000000,0.5598
1749262611,0.54800000,22.00000000,0.5598
1749262611,0.54700000,120.90000000,0.5598
1749262611,0.54650000,430.80000000,0.5598
1749262611,0.54600000,22.00000000,0.5598
1749262611,0.54550000,18191.10000000,0.5598
1749262611,0.54540000,5788.60000000,0.5598
1749262611,0.54500000,24.20000000,0.5598
1749262611,0.54420000,9.90000000,0.5598
1749262611,0.54410000,11.00000000,0.5598
1749262611,0.54400000,22.00000000,0.5598
1749262611,0.54390000,18.30000000,0.5598
1749262611,0.54300000,55.20000000,0.5598
1749262611,0.54280000,77.20000000,0.5598
1749262611,0.54200000,22.00000000,0.5598
1749262611,0.54120000,5770.80000000,0.5598
1749262611,0.54020000,30.30000000,0.5598
1749262611,0.54000000,131.60000000,0.5598
1749262611,0.53910000,9.90000000,0.5598
1749262611,0.53900000,20.80000000,0.5598
1749262611,0.53800000,110.40000000,0.5598
1749262611,0.53780000,92.90000000,0.5598
1749262611,0.53710000,2885.40000000,0.5598
1749262611,0.53650000,19.50000000,0.5598
1749262611,0.53620000,120.90000000,0.5598
1749262611,0.53610000,45.20000000,0.5598
1749262893,0.55930000,195.10000000,0.5597
1749262893,0.55920000,1061.60000000,0.5597
1749262893,0.55910000,154.70000000,0.5597
1749262893,0.55900000,423.40000000,0.5597
1749262893,0.55890000,796.20000000,0.5597
1749262893,0.55880000,1197.60000000,0.5597
1749262893,0.55870000,842.90000000,0.5597
1749262893,0.55860000,1894.20000000,0.5597
1749262893,0.55850000,7735.70000000,0.5597
1749262893,0.55840000,9804.80000000,0.5597
1749262893,0.55830000,1296.10000000,0.5597
1749262893,0.55820000,5203.20000000,0.5597
1749262893,0.55810000,7250.00000000,0.5597
1749262893,0.55800000,10843.70000000,0.5597
1749262893,0.55790000,15175.00000000,0.5597
1749262893,0.55780000,5293.30000000,0.5597
1749262893,0.55770000,369.30000000,0.5597
1749262893,0.55760000,1236.60000000,0.5597
1749262893,0.55750000,220.10000000,0.5597
1749262893,0.55740000,13222.40000000,0.5597
1749262893,0.55730000,997.50000000,0.5597
1749262893,0.55720000,355.60000000,0.5597
1749262893,0.55710000,5345.30000000,0.5597
1749262893,0.55700000,11896.80000000,0.5597
1749262893,0.55690000,141.20000000,0.5597
1749262893,0.55680000,7607.60000000,0.5597
1749262893,0.55670000,1105.20000000,0.5597
1749262893,0.55660000,17903.80000000,0.5597
1749262893,0.55650000,154.70000000,0.5597
1749262893,0.55640000,355.60000000,0.5597
1749262893,0.55620000,793.30000000,0.5597
1749262893,0.55610000,24647.20000000,0.5597
1749262893,0.55600000,2114.60000000,0.5597
1749262893,0.55590000,13.50000000,0.5597
1749262893,0.55580000,523.50000000,0.5597
1749262893,0.55570000,63.40000000,0.5597
1749262893,0.55560000,369.20000000,0.5597
1749262893,0.55540000,28829.90000000,0.5597
1749262893,0.55530000,154.70000000,0.5597
1749262893,0.55520000,214.50000000,0.5597
1749262893,0.55510000,424.20000000,0.5597
1749262893,0.55500000,237.60000000,0.5597
1749262893,0.55470000,23965.00000000,0.5597
1749262893,0.55460000,895.70000000,0.5597
1749262893,0.55450000,9.90000000,0.5597
1749262893,0.55440000,13.50000000,0.5597
1749262893,0.55410000,13.50000000,0.5597
1749262893,0.55400000,678.50000000,0.5597
1749262893,0.55380000,13.50000000,0.5597
1749262893,0.55350000,13.50000000,0.5597
1749262893,0.55320000,13.50000000,0.5597
1749262893,0.55300000,606.00000000,0.5597
1749262893,0.55290000,13.50000000,0.5597
1749262893,0.55260000,13.50000000,0.5597
1749262893,0.55240000,912.60000000,0.5597
1749262893,0.55230000,13.50000000,0.5597
1749262893,0.55200000,18011.40000000,0.5597
1749262893,0.55190000,14408.30000000,0.5597
1749262893,0.55180000,1255.00000000,0.5597
1749262893,0.55170000,3926.10000000,0.5597
1749262893,0.55120000,36.30000000,0.5597
1749262893,0.55000000,674.40000000,0.5597
1749262893,0.54970000,609.60000000,0.5597
1749262893,0.54950000,77.20000000,0.5597
1749262893,0.54930000,9.90000000,0.5597
1749262893,0.54800000,22.00000000,0.5597
1749262893,0.54780000,18079.90000000,0.5597
1749262893,0.54770000,5655.10000000,0.5597
1749262893,0.54700000,120.90000000,0.5597
1749262893,0.54650000,430.80000000,0.5597
1749262893,0.54600000,22.00000000,0.5597
1749262893,0.54550000,111.20000000,0.5597
1749262893,0.54500000,24.20000000,0.5597
1749262893,0.54420000,9.90000000,0.5597
1749262893,0.54410000,11.00000000,0.5597
1749262893,0.54400000,22.00000000,0.5597
1749262893,0.54390000,18.30000000,0.5597
1749262893,0.54350000,5664.20000000,0.5597
1749262893,0.54300000,55.20000000,0.5597
1749262893,0.54280000,77.20000000,0.5597
1749262893,0.54200000,22.00000000,0.5597
1749262893,0.54020000,30.30000000,0.5597
1749262893,0.54000000,131.60000000,0.5597
1749262893,0.53930000,2942.10000000,0.5597
1749262893,0.53910000,9.90000000,0.5597
1749262893,0.53900000,20.80000000,0.5597
1749262893,0.53800000,110.40000000,0.5597
1749262893,0.53780000,92.90000000,0.5597
1749262893,0.53650000,19.50000000,0.5597
1749262893,0.53620000,120.90000000,0.5597
1749262893,0.53610000,45.20000000,0.5597
1749262893,0.53600000,37.30000000,0.5597
1749262893,0.53500000,2483.80000000,0.5597
1749262893,0.53450000,37.30000000,0.5597
1749262893,0.53440000,93.50000000,0.5597
1749262893,0.53400000,31.90000000,0.5597
1749262893,0.53350000,66.90000000,0.5597
1749262893,0.53310000,100.00000000,0.5597
1749262893,0.53300000,18.70000000,0.5597
1749262893,0.53280000,16.80000000,0.5597
1749262913,0.55970000,141.20000000,0.5597
1749262913,0.55960000,155.50000000,0.5597
1749262913,0.55950000,53.80000000,0.5597
1749262913,0.55940000,154.70000000,0.5597
1749262913,0.55930000,154.70000000,0.5597
1749262913,0.55920000,436.90000000,0.5597
1749262913,0.55910000,901.50000000,0.5597
1749262913,0.55900000,1317.10000000,0.5597
1749262913,0.55890000,796.20000000,0.5597
1749262913,0.55880000,1656.60000000,0.5597
1749262913,0.55870000,1530.00000000,0.5597
1749262913,0.55860000,1894.20000000,0.5597
1749262913,0.55850000,7317.10000000,0.5597
1749262913,0.55840000,13931.80000000,0.5597
1749262913,0.55830000,1027.40000000,0.5597
1749262913,0.55820000,3376.60000000,0.5597
1749262913,0.55810000,6989.90000000,0.5597
1749262913,0.55800000,10843.70000000,0.5597
1749262913,0.55790000,10311.30000000,0.5597
1749262913,0.55780000,5293.30000000,0.5597
1749262913,0.55770000,2902.90000000,0.5597
1749262913,0.55760000,1236.60000000,0.5597
1749262913,0.55750000,220.10000000,0.5597
1749262913,0.55740000,11252.40000000,0.5597
1749262913,0.55730000,1676.10000000,0.5597
1749262913,0.55720000,355.60000000,0.5597
1749262913,0.55710000,4666.50000000,0.5597
1749262913,0.55700000,11896.80000000,0.5597
1749262913,0.55690000,495.30000000,0.5597
1749262913,0.55680000,7607.60000000,0.5597
1749262913,0.55670000,751.10000000,0.5597
1749262913,0.55660000,17903.80000000,0.5597
1749262913,0.55650000,154.70000000,0.5597
1749262913,0.55640000,355.60000000,0.5597
1749262913,0.55620000,793.30000000,0.5597
1749262913,0.55610000,24647.20000000,0.5597
1749262913,0.55600000,2114.60000000,0.5597
1749262913,0.55590000,13.50000000,0.5597
1749262913,0.55580000,523.50000000,0.5597
1749262913,0.55570000,63.40000000,0.5597
1749262913,0.55560000,369.20000000,0.5597
1749262913,0.55540000,28829.90000000,0.5597
1749262913,0.55530000,13.50000000,0.5597
1749262913,0.55520000,214.50000000,0.5597
1749262913,0.55510000,424.20000000,0.5597
1749262913,0.55500000,237.60000000,0.5597
1749262913,0.55470000,23965.00000000,0.5597
1749262913,0.55460000,895.70000000,0.5597
1749262913,0.55450000,9.90000000,0.5597
1749262913,0.55440000,13.50000000,0.5597
1749262913,0.55410000,13.50000000,0.5597
1749262913,0.55400000,678.50000000,0.5597
1749262913,0.55380000,13.50000000,0.5597
1749262913,0.55350000,13.50000000,0.5597
1749262913,0.55320000,13.50000000,0.5597
1749262913,0.55300000,606.00000000,0.5597
1749262913,0.55290000,13.50000000,0.5597
1749262913,0.55260000,13.50000000,0.5597
1749262913,0.55240000,912.60000000,0.5597
1749262913,0.55230000,13.50000000,0.5597
1749262913,0.55200000,18011.40000000,0.5597
1749262913,0.55190000,14408.30000000,0.5597
1749262913,0.55180000,1255.00000000,0.5597
1749262913,0.55170000,3926.10000000,0.5597
1749262913,0.55120000,36.30000000,0.5597
1749262913,0.55000000,674.40000000,0.5597
1749262913,0.54970000,609.60000000,0.5597
1749262913,0.54950000,77.20000000,0.5597
1749262913,0.54930000,9.90000000,0.5597
1749262913,0.54800000,22.00000000,0.5597
1749262913,0.54780000,18079.90000000,0.5597
1749262913,0.54770000,5655.10000000,0.5597
1749262913,0.54700000,120.90000000,0.5597
1749262913,0.54650000,430.80000000,0.5597
1749262913,0.54600000,22.00000000,0.5597
1749262913,0.54550000,111.20000000,0.5597
1749262913,0.54500000,24.20000000,0.5597
1749262913,0.54420000,9.90000000,0.5597
1749262913,0.54410000,11.00000000,0.5597
1749262913,0.54400000,22.00000000,0.5597
1749262913,0.54390000,18.30000000,0.5597
1749262913,0.54350000,5664.20000000,0.5597
1749262913,0.54300000,55.20000000,0.5597
1749262913,0.54280000,77.20000000,0.5597
1749262913,0.54200000,22.00000000,0.5597
1749262913,0.54020000,30.30000000,0.5597
1749262913,0.54000000,131.60000000,0.5597
1749262913,0.53930000,2942.10000000,0.5597
1749262913,0.53910000,9.90000000,0.5597
1749262913,0.53900000,20.80000000,0.5597
1749262913,0.53800000,110.40000000,0.5597
1749262913,0.53780000,92.90000000,0.5597
1749262913,0.53650000,19.50000000,0.5597
1749262913,0.53620000,120.90000000,0.5597
1749262913,0.53610000,45.20000000,0.5597
1749262913,0.53600000,37.30000000,0.5597
1749262913,0.53500000,2483.80000000,0.5597
1749262913,0.53450000,37.30000000,0.5597
1749262913,0.53440000,93.50000000,0.5597
1749262913,0.53400000,31.90000000,0.5597
1749263195,0.56030000,206.90000000,0.5604
1749263195,0.56020000,1046.40000000,0.5604
1749263195,0.56010000,154.60000000,0.5604
1749263195,0.56000000,423.30000000,0.5604
1749263195,0.55990000,154.60000000,0.5604
1749263195,0.55980000,295.50000000,0.5604
1749263195,0.55970000,1087.50000000,0.5604
1749263195,0.55960000,880.80000000,0.5604
1749263195,0.55950000,1255.50000000,0.5604
1749263195,0.55940000,4454.10000000,0.5604
1749263195,0.55930000,4792.10000000,0.5604
1749263195,0.55920000,3410.60000000,0.5604
1749263195,0.55910000,5573.30000000,0.5604
1749263195,0.55900000,5152.90000000,0.5604
1749263195,0.55890000,6133.20000000,0.5604
1749263195,0.55880000,5722.10000000,0.5604
1749263195,0.55870000,5507.60000000,0.5604
1749263195,0.55860000,2394.20000000,0.5604
1749263195,0.55850000,1036.60000000,0.5604
1749263195,0.55840000,3939.70000000,0.5604
1749263195,0.55830000,3168.20000000,0.5604
1749263195,0.55820000,818.70000000,0.5604
1749263195,0.55810000,688.50000000,0.5604
1749263195,0.55800000,12812.50000000,0.5604
1749263195,0.55790000,17757.60000000,0.5604
1749263195,0.55780000,2815.70000000,0.5604
1749263195,0.55770000,369.30000000,0.5604
1749263195,0.55760000,18258.10000000,0.5604
1749263195,0.55750000,141.20000000,0.5604
1749263195,0.55740000,369.10000000,0.5604
1749263195,0.55730000,565.40000000,0.5604
1749263195,0.55720000,1144.70000000,0.5604
1749263195,0.55710000,27038.10000000,0.5604
1749263195,0.55700000,355.60000000,0.5604
1749263195,0.55690000,141.20000000,0.5604
1749263195,0.55680000,1969.90000000,0.5604
1749263195,0.55670000,751.10000000,0.5604
1749263195,0.55660000,355.60000000,0.5604
1749263195,0.55650000,154.70000000,0.5604
1749263195,0.55640000,214.40000000,0.5604
1749263195,0.55620000,652.10000000,0.5604
1749263195,0.55610000,2134.40000000,0.5604
1749263195,0.55600000,1973.40000000,0.5604
1749263195,0.55590000,13.50000000,0.5604
1749263195,0.55580000,214.50000000,0.5604
1749263195,0.55570000,63.40000000,0.5604
1749263195,0.55560000,228.00000000,0.5604
1749263195,0.55540000,28829.90000000,0.5604
1749263195,0.55530000,13.50000000,0.5604
1749263195,0.55520000,214.50000000,0.5604
1749263195,0.55510000,424.20000000,0.5604
1749263195,0.55500000,23.10000000,0.5604
1749263195,0.55470000,23750.70000000,0.5604
1749263195,0.55450000,9.90000000,0.5604
1749263195,0.55440000,13.50000000,0.5604
1749263195,0.55420000,604.70000000,0.5604
1749263195,0.55410000,13.50000000,0.5604
1749263195,0.55400000,678.50000000,0.5604
1749263195,0.55380000,13.50000000,0.5604
1749263195,0.55350000,13.50000000,0.5604
1749263195,0.55320000,13.50000000,0.5604
1749263195,0.55290000,13.50000000,0.5604
1749263195,0.55260000,13.50000000,0.5604
1749263195,0.55240000,912.60000000,0.5604
1749263195,0.55230000,13.50000000,0.5604
1749263195,0.55200000,18011.40000000,0.5604
1749263195,0.55190000,14408.30000000,0.5604
1749263195,0.55170000,3926.10000000,0.5604
1749263195,0.55130000,607.80000000,0.5604
1749263195,0.55120000,36.30000000,0.5604
1749263195,0.55000000,65.10000000,0.5604
1749263195,0.54950000,77.20000000,0.5604
1749263195,0.54930000,9.90000000,0.5604
1749263195,0.54850000,610.90000000,0.5604
1749263195,0.54800000,22.00000000,0.5604
1749263195,0.54780000,18079.90000000,0.5604
1749263195,0.54770000,5655.10000000,0.5604
1749263195,0.54700000,120.90000000,0.5604
1749263195,0.54650000,430.80000000,0.5604
1749263195,0.54600000,22.00000000,0.5604
1749263195,0.54550000,111.20000000,0.5604
1749263195,0.54500000,24.20000000,0.5604
1749263195,0.54420000,9.90000000,0.5604
1749263195,0.54410000,11.00000000,0.5604
1749263195,0.54400000,22.00000000,0.5604
1749263195,0.54390000,18.30000000,0.5604
1749263195,0.54350000,5664.20000000,0.5604
1749263195,0.54300000,55.20000000,0.5604
1749263195,0.54280000,77.20000000,0.5604
1749263195,0.54200000,22.00000000,0.5604
1749263195,0.54020000,30.30000000,0.5604
1749263195,0.54000000,131.60000000,0.5604
1749263195,0.53930000,2942.10000000,0.5604
1749263195,0.53910000,9.90000000,0.5604
1749263195,0.53900000,20.80000000,0.5604
1749263195,0.53800000,110.40000000,0.5604
1749263195,0.53780000,92.90000000,0.5604
1749263195,0.53650000,19.50000000,0.5604
1749263195,0.53620000,120.90000000,0.5604
1749263195,0.53610000,45.20000000,0.5604
1749263215,0.56030000,91.10000000,0.5604
1749263215,0.56020000,1046.40000000,0.5604
1749263215,0.56010000,154.60000000,0.5604
1749263215,0.56000000,423.30000000,0.5604
1749263215,0.55990000,154.60000000,0.5604
1749263215,0.55980000,378.30000000,0.5604
1749263215,0.55970000,1087.50000000,0.5604
1749263215,0.55960000,798.00000000,0.5604
1749263215,0.55950000,1255.50000000,0.5604
1749263215,0.55940000,4454.10000000,0.5604
1749263215,0.55930000,4792.10000000,0.5604
1749263215,0.55920000,3410.60000000,0.5604
1749263215,0.55910000,5573.30000000,0.5604
1749263215,0.55900000,5591.90000000,0.5604
1749263215,0.55890000,7763.40000000,0.5604
1749263215,0.55880000,4241.50000000,0.5604
1749263215,0.55870000,5507.60000000,0.5604
1749263215,0.55860000,4249.70000000,0.5604
1749263215,0.55850000,154.70000000,0.5604
1749263215,0.55840000,3939.70000000,0.5604
1749263215,0.55830000,3168.20000000,0.5604
1749263215,0.55820000,141.20000000,0.5604
1749263215,0.55810000,688.50000000,0.5604
1749263215,0.55800000,12812.50000000,0.5604
1749263215,0.55790000,17757.60000000,0.5604
1749263215,0.55780000,2815.70000000,0.5604
1749263215,0.55770000,1047.40000000,0.5604
1749263215,0.55760000,18258.10000000,0.5604
1749263215,0.55750000,141.20000000,0.5604
1749263215,0.55740000,369.10000000,0.5604
1749263215,0.55730000,565.40000000,0.5604
1749263215,0.55720000,1144.70000000,0.5604
1749263215,0.55710000,27038.10000000,0.5604
1749263215,0.55700000,355.60000000,0.5604
1749263215,0.55690000,141.20000000,0.5604
1749263215,0.55680000,1969.90000000,0.5604
1749263215,0.55670000,751.10000000,0.5604
1749263215,0.55660000,355.60000000,0.5604
1749263215,0.55650000,154.70000000,0.5604
1749263215,0.55640000,214.40000000,0.5604
1749263215,0.55620000,652.10000000,0.5604
1749263215,0.55610000,2134.40000000,0.5604
1749263215,0.55600000,1973.40000000,0.5604
1749263215,0.55590000,13.50000000,0.5604
1749263215,0.55580000,214.50000000,0.5604
1749263215,0.55570000,63.40000000,0.5604
1749263215,0.55560000,228.00000000,0.5604
1749263215,0.55540000,28829.90000000,0.5604
1749263215,0.55530000,13.50000000,0.5604
1749263215,0.55520000,214.50000000,0.5604
1749263215,0.55510000,424.20000000,0.5604
1749263215,0.55500000,23.10000000,0.5604
1749263215,0.55470000,23750.70000000,0.5604
1749263215,0.55450000,9.90000000,0.5604
1749263215,0.55440000,13.50000000,0.5604
1749263215,0.55420000,604.70000000,0.5604
1749263215,0.55410000,13.50000000,0.5604
1749263215,0.55400000,678.50000000,0.5604
1749263215,0.55380000,13.50000000,0.5604
1749263215,0.55350000,13.50000000,0.5604
1749263215,0.55320000,13.50000000,0.5604
1749263215,0.55290000,13.50000000,0.5604
1749263215,0.55260000,13.50000000,0.5604
1749263215,0.55240000,912.60000000,0.5604
1749263215,0.55230000,13.50000000,0.5604
1749263215,0.55200000,18011.40000000,0.5604
1749263215,0.55190000,14408.30000000,0.5604
1749263215,0.55170000,3926.10000000,0.5604
1749263215,0.55130000,607.80000000,0.5604
1749263215,0.55120000,36.30000000,0.5604
1749263215,0.55000000,65.10000000,0.5604
1749263215,0.54950000,77.20000000,0.5604
1749263215,0.54930000,9.90000000,0.5604
1749263215,0.54850000,610.90000000,0.5604
1749263215,0.54800000,22.00000000,0.5604
1749263215,0.54780000,18079.90000000,0.5604
1749263215,0.54770000,5655.10000000,0.5604
1749263215,0.54700000,120.90000000,0.5604
1749263215,0.54650000,430.80000000,0.5604
1749263215,0.54600000,22.00000000,0.5604
1749263215,0.54550000,111.20000000,0.5604
1749263215,0.54500000,24.20000000,0.5604
1749263215,0.54420000,9.90000000,0.5604
1749263215,0.54410000,11.00000000,0.5604
1749263215,0.54400000,22.00000000,0.5604
1749263215,0.54390000,18.30000000,0.5604
1749263215,0.54350000,5664.20000000,0.5604
1749263215,0.54300000,55.20000000,0.5604
1749263215,0.54280000,77.20000000,0.5604
1749263215,0.54200000,22.00000000,0.5604
1749263215,0.54020000,30.30000000,0.5604
1749263215,0.54000000,131.60000000,0.5604
1749263215,0.53930000,2942.10000000,0.5604
1749263215,0.53910000,9.90000000,0.5604
1749263215,0.53900000,20.80000000,0.5604
1749263215,0.53800000,110.40000000,0.5604
1749263215,0.53780000,92.90000000,0.5604
1749263215,0.53650000,19.50000000,0.5604
1749263215,0.53620000,120.90000000,0.5604
1749263215,0.53610000,45.20000000,0.5604
1749263501,0.55980000,180.80000000,0.5599
1749263501,0.55970000,2237.30000000,0.5599
1749263501,0.55960000,3967.40000000,0.5599
1749263501,0.55950000,568.00000000,0.5599
1749263501,0.55940000,1715.00000000,0.5599
1749263501,0.55930000,1272.60000000,0.5599
1749263501,0.55920000,911.90000000,0.5599
1749263501,0.55910000,1154.40000000,0.5599
1749263501,0.55900000,3861.10000000,0.5599
1749263501,0.55890000,436.90000000,0.5599
1749263501,0.55880000,637.70000000,0.5599
1749263501,0.55870000,1842.60000000,0.5599
1749263501,0.55860000,4546.90000000,0.5599
1749263501,0.55850000,1898.70000000,0.5599
1749263501,0.55840000,355.50000000,0.5599
1749263501,0.55830000,12171.00000000,0.5599
1749263501,0.55820000,5747.60000000,0.5599
1749263501,0.55810000,355.60000000,0.5599
1749263501,0.55800000,12811.60000000,0.5599
1749263501,0.55790000,10456.50000000,0.5599
1749263501,0.55780000,2293.90000000,0.5599
1749263501,0.55770000,9366.20000000,0.5599
1749263501,0.55760000,19179.50000000,0.5599
1749263501,0.55750000,141.20000000,0.5599
1749263501,0.55740000,1225.20000000,0.5599
1749263501,0.55730000,1010.00000000,0.5599
1749263501,0.55720000,355.60000000,0.5599
1749263501,0.55710000,27392.20000000,0.5599
1749263501,0.55700000,355.60000000,0.5599
1749263501,0.55690000,820.30000000,0.5599
1749263501,0.55680000,1969.80000000,0.5599
1749263501,0.55670000,355.70000000,0.5599
1749263501,0.55660000,214.40000000,0.5599
1749263501,0.55650000,154.70000000,0.5599
1749263501,0.55640000,355.60000000,0.5599
1749263501,0.55630000,2247.00000000,0.5599
1749263501,0.55620000,793.30000000,0.5599
1749263501,0.55600000,2114.60000000,0.5599
1749263501,0.55590000,13.50000000,0.5599
1749263501,0.55580000,355.70000000,0.5599
1749263501,0.55570000,63.40000000,0.5599
1749263501,0.55560000,228.00000000,0.5599
1749263501,0.55540000,28615.40000000,0.5599
1749263501,0.55530000,13.50000000,0.5599
1749263501,0.55510000,424.20000000,0.5599
1749263501,0.55500000,23.10000000,0.5599
1749263501,0.55470000,23750.70000000,0.5599
1749263501,0.55450000,9.90000000,0.5599
1749263501,0.55440000,13.50000000,0.5599
1749263501,0.55420000,604.70000000,0.5599
1749263501,0.55410000,13.50000000,0.5599
1749263501,0.55400000,254.30000000,0.5599
1749263501,0.55380000,13.50000000,0.5599
1749263501,0.55350000,13.50000000,0.5599
1749263501,0.55320000,13.50000000,0.5599
1749263501,0.55290000,13.50000000,0.5599
1749263501,0.55260000,13.50000000,0.5599
1749263501,0.55240000,912.60000000,0.5599
1749263501,0.55230000,13.50000000,0.5599
1749263501,0.55200000,18011.40000000,0.5599
1749263501,0.55190000,14408.30000000,0.5599
1749263501,0.55170000,3926.10000000,0.5599
1749263501,0.55130000,607.80000000,0.5599
1749263501,0.55120000,36.30000000,0.5599
1749263501,0.55000000,65.10000000,0.5599
1749263501,0.54950000,77.20000000,0.5599
1749263501,0.54930000,9.90000000,0.5599
1749263501,0.54850000,610.90000000,0.5599
1749263501,0.54800000,22.00000000,0.5599
1749263501,0.54780000,18079.90000000,0.5599
1749263501,0.54770000,5655.10000000,0.5599
1749263501,0.54700000,120.90000000,0.5599
1749263501,0.54650000,430.80000000,0.5599
1749263501,0.54600000,22.00000000,0.5599
1749263501,0.54550000,111.20000000,0.5599
1749263501,0.54500000,24.20000000,0.5599
1749263501,0.54420000,9.90000000,0.5599
1749263501,0.54410000,11.00000000,0.5599
1749263501,0.54400000,22.00000000,0.5599
1749263501,0.54390000,18.30000000,0.5599
1749263501,0.54350000,5664.20000000,0.5599
1749263501,0.54300000,55.20000000,0.5599
1749263501,0.54280000,77.20000000,0.5599
1749263501,0.54200000,22.00000000,0.5599
1749263501,0.54020000,30.30000000,0.5599
1749263501,0.54000000,131.60000000,0.5599
1749263501,0.53930000,2942.10000000,0.5599
1749263501,0.53910000,9.90000000,0.5599
1749263501,0.53900000,20.80000000,0.5599
1749263501,0.53800000,110.40000000,0.5599
1749263501,0.53780000,92.90000000,0.5599
1749263501,0.53650000,19.50000000,0.5599
1749263501,0.53620000,120.90000000,0.5599
1749263501,0.53610000,45.20000000,0.5599
1749263501,0.53600000,37.30000000,0.5599
1749263501,0.53500000,2483.80000000,0.5599
1749263501,0.53450000,37.30000000,0.5599
1749263501,0.53440000,93.50000000,0.5599
1749263501,0.53400000,31.90000000,0.5599
1749263501,0.53350000,66.90000000,0.5599
1749263516,0.56010000,15.40000000,0.5599
1749263516,0.56000000,1033.30000000,0.5599
1749263516,0.55990000,178.60000000,0.5599
1749263516,0.55980000,194.20000000,0.5599
1749263516,0.55970000,1613.50000000,0.5599
1749263516,0.55960000,6752.10000000,0.5599
1749263516,0.55950000,5666.60000000,0.5599
1749263516,0.55940000,4936.40000000,0.5599
1749263516,0.55930000,6350.50000000,0.5599
1749263516,0.55920000,801.50000000,0.5599
1749263516,0.55910000,1570.30000000,0.5599
1749263516,0.55900000,5001.20000000,0.5599
1749263516,0.55890000,436.90000000,0.5599
1749263516,0.55880000,637.70000000,0.5599
1749263516,0.55870000,6085.70000000,0.5599
1749263516,0.55860000,4278.20000000,0.5599
1749263516,0.55850000,141.20000000,0.5599
1749263516,0.55840000,355.50000000,0.5599
1749263516,0.55830000,1032.00000000,0.5599
1749263516,0.55820000,3990.10000000,0.5599
1749263516,0.55810000,355.60000000,0.5599
1749263516,0.55800000,12811.60000000,0.5599
1749263516,0.55790000,10456.50000000,0.5599
1749263516,0.55780000,2293.90000000,0.5599
1749263516,0.55770000,7673.00000000,0.5599
1749263516,0.55760000,19179.50000000,0.5599
1749263516,0.55750000,819.50000000,0.5599
1749263516,0.55740000,1225.20000000,0.5599
1749263516,0.55730000,1364.10000000,0.5599
1749263516,0.55720000,355.60000000,0.5599
1749263516,0.55710000,27038.10000000,0.5599
1749263516,0.55700000,355.60000000,0.5599
1749263516,0.55690000,141.20000000,0.5599
1749263516,0.55680000,1969.80000000,0.5599
1749263516,0.55670000,355.70000000,0.5599
1749263516,0.55660000,214.40000000,0.5599
1749263516,0.55650000,154.70000000,0.5599
1749263516,0.55640000,355.60000000,0.5599
1749263516,0.55630000,2247.00000000,0.5599
1749263516,0.55620000,793.30000000,0.5599
1749263516,0.55600000,2114.60000000,0.5599
1749263516,0.55590000,13.50000000,0.5599
1749263516,0.55580000,355.70000000,0.5599
1749263516,0.55570000,63.40000000,0.5599
1749263516,0.55560000,228.00000000,0.5599
1749263516,0.55540000,28615.40000000,0.5599
1749263516,0.55530000,13.50000000,0.5599
1749263516,0.55510000,424.20000000,0.5599
1749263516,0.55500000,23.10000000,0.5599
1749263516,0.55470000,23750.70000000,0.5599
1749263516,0.55450000,9.90000000,0.5599
1749263516,0.55440000,13.50000000,0.5599
1749263516,0.55420000,604.70000000,0.5599
1749263516,0.55410000,13.50000000,0.5599
1749263516,0.55400000,254.30000000,0.5599
1749263516,0.55380000,13.50000000,0.5599
1749263516,0.55350000,13.50000000,0.5599
1749263516,0.55320000,13.50000000,0.5599
1749263516,0.55290000,13.50000000,0.5599
1749263516,0.55260000,13.50000000,0.5599
1749263516,0.55240000,912.60000000,0.5599
1749263516,0.55230000,13.50000000,0.5599
1749263516,0.55200000,18011.40000000,0.5599
1749263516,0.55190000,14408.30000000,0.5599
1749263516,0.55170000,3926.10000000,0.5599
1749263516,0.55130000,607.80000000,0.5599
1749263516,0.55120000,36.30000000,0.5599
1749263516,0.55000000,65.10000000,0.5599
1749263516,0.54950000,77.20000000,0.5599
1749263516,0.54930000,9.90000000,0.5599
1749263516,0.54850000,610.90000000,0.5599
1749263516,0.54800000,22.00000000,0.5599
1749263516,0.54780000,18079.90000000,0.5599
1749263516,0.54770000,5655.10000000,0.5599
1749263516,0.54700000,120.90000000,0.5599
1749263516,0.54650000,430.80000000,0.5599
1749263516,0.54600000,22.00000000,0.5599
1749263516,0.54550000,111.20000000,0.5599
1749263516,0.54500000,24.20000000,0.5599
1749263516,0.54420000,9.90000000,0.5599
1749263516,0.54410000,11.00000000,0.5599
1749263516,0.54400000,22.00000000,0.5599
1749263516,0.54390000,18.30000000,0.5599
1749263516,0.54350000,5664.20000000,0.5599
1749263516,0.54300000,55.20000000,0.5599
1749263516,0.54280000,77.20000000,0.5599
1749263516,0.54200000,22.00000000,0.5599
1749263516,0.54020000,30.30000000,0.5599
1749263516,0.54000000,131.60000000,0.5599
1749263516,0.53930000,2942.10000000,0.5599
1749263516,0.53910000,9.90000000,0.5599
1749263516,0.53900000,20.80000000,0.5599
1749263516,0.53800000,110.40000000,0.5599
1749263516,0.53780000,92.90000000,0.5599
1749263516,0.53650000,19.50000000,0.5599
1749263516,0.53620000,120.90000000,0.5599
1749263516,0.53610000,45.20000000,0.5599
1749263516,0.53600000,37.30000000,0.5599
1749263516,0.53500000,2483.80000000,0.5599
1749263516,0.53450000,37.30000000,0.5599
1749263808,0.56010000,1072.20000000,0.5601
1749263808,0.56000000,154.60000000,0.5601
1749263808,0.55990000,5256.70000000,0.5601
1749263808,0.55980000,20115.70000000,0.5601
1749263808,0.55970000,13511.00000000,0.5601
1749263808,0.55960000,5009.80000000,0.5601
1749263808,0.55950000,1390.20000000,0.5601
1749263808,0.55940000,3573.20000000,0.5601
1749263808,0.55930000,4000.10000000,0.5601
1749263808,0.55920000,797.20000000,0.5601
1749263808,0.55910000,423.40000000,0.5601
1749263808,0.55900000,380.50000000,0.5601
1749263808,0.55890000,436.90000000,0.5601
1749263808,0.55880000,3218.20000000,0.5601
1749263808,0.55870000,4666.40000000,0.5601
1749263808,0.55860000,3192.00000000,0.5601
1749263808,0.55850000,2607.50000000,0.5601
1749263808,0.55840000,688.90000000,0.5601
1749263808,0.55830000,154.70000000,0.5601
1749263808,0.55820000,3141.20000000,0.5601
1749263808,0.55810000,2423.20000000,0.5601
1749263808,0.55800000,12930.90000000,0.5601
1749263808,0.55790000,4653.00000000,0.5601
1749263808,0.55780000,11974.80000000,0.5601
1749263808,0.55770000,3129.30000000,0.5601
1749263808,0.55760000,25587.70000000,0.5601
1749263808,0.55750000,141.20000000,0.5601
1749263808,0.55740000,801.80000000,0.5601
1749263808,0.55730000,931.20000000,0.5601
1749263808,0.55720000,355.60000000,0.5601
1749263808,0.55710000,27038.10000000,0.5601
1749263808,0.55700000,750.90000000,0.5601
1749263808,0.55690000,523.50000000,0.5601
1749263808,0.55680000,1970.50000000,0.5601
1749263808,0.55670000,355.70000000,0.5601
1749263808,0.55660000,355.60000000,0.5601
1749263808,0.55650000,154.70000000,0.5601
1749263808,0.55640000,214.40000000,0.5601
1749263808,0.55630000,2105.80000000,0.5601
1749263808,0.55620000,652.10000000,0.5601
1749263808,0.55600000,1973.40000000,0.5601
1749263808,0.55590000,13.50000000,0.5601
1749263808,0.55580000,214.50000000,0.5601
1749263808,0.55570000,63.40000000,0.5601
1749263808,0.55560000,228.00000000,0.5601
1749263808,0.55540000,28615.40000000,0.5601
1749263808,0.55530000,13.50000000,0.5601
1749263808,0.55510000,424.20000000,0.5601
1749263808,0.55500000,23.10000000,0.5601
1749263808,0.55470000,23750.70000000,0.5601
1749263808,0.55450000,905.80000000,0.5601
1749263808,0.55440000,13.50000000,0.5601
1749263808,0.55420000,604.70000000,0.5601
1749263808,0.55410000,13.50000000,0.5601
1749263808,0.55400000,254.30000000,0.5601
1749263808,0.55380000,13.50000000,0.5601
1749263808,0.55350000,13.50000000,0.5601
1749263808,0.55320000,13.50000000,0.5601
1749263808,0.55290000,13.50000000,0.5601
1749263808,0.55280000,1252.70000000,0.5601
1749263808,0.55260000,13.50000000,0.5601
1749263808,0.55240000,912.60000000,0.5601
1749263808,0.55230000,13.50000000,0.5601
1749263808,0.55200000,18011.40000000,0.5601
1749263808,0.55190000,14408.30000000,0.5601
1749263808,0.55170000,3926.10000000,0.5601
1749263808,0.55120000,36.30000000,0.5601
1749263808,0.55010000,609.20000000,0.5601
1749263808,0.55000000,65.10000000,0.5601
1749263808,0.54950000,77.20000000,0.5601
1749263808,0.54930000,9.90000000,0.5601
1749263808,0.54850000,610.90000000,0.5601
1749263808,0.54800000,22.00000000,0.5601
1749263808,0.54780000,18079.90000000,0.5601
1749263808,0.54770000,5655.10000000,0.5601
1749263808,0.54700000,120.90000000,0.5601
1749263808,0.54650000,430.80000000,0.5601
1749263808,0.54600000,22.00000000,0.5601
1749263808,0.54550000,111.20000000,0.5601
1749263808,0.54500000,24.20000000,0.5601
1749263808,0.54420000,9.90000000,0.5601
1749263808,0.54410000,11.00000000,0.5601
1749263808,0.54400000,22.00000000,0.5601
1749263808,0.54390000,18.30000000,0.5601
1749263808,0.54350000,5664.20000000,0.5601
1749263808,0.54300000,55.20000000,0.5601
1749263808,0.54280000,77.20000000,0.5601
1749263808,0.54200000,22.00000000,0.5601
1749263808,0.54020000,30.30000000,0.5601
1749263808,0.54000000,131.60000000,0.5601
1749263808,0.53930000,2942.10000000,0.5601
1749263808,0.53910000,9.90000000,0.5601
1749263808,0.53900000,20.80000000,0.5601
1749263808,0.53800000,110.40000000,0.5601
1749263808,0.53780000,92.90000000,0.5601
1749263808,0.53650000,19.50000000,0.5601
1749263808,0.53620000,120.90000000,0.5601
1749263808,0.53610000,45.20000000,0.5601
1749263808,0.53600000,37.30000000,0.5601
1749263808,0.53500000,2483.80000000,0.5601
1749263822,0.56010000,141.20000000,0.5601
1749263822,0.56000000,154.60000000,0.5601
1749263822,0.55990000,5922.70000000,0.5601
1749263822,0.55980000,20115.70000000,0.5601
1749263822,0.55970000,11380.90000000,0.5601
1749263822,0.55960000,5843.50000000,0.5601
1749263822,0.55950000,3930.40000000,0.5601
1749263822,0.55940000,3905.80000000,0.5601
1749263822,0.55930000,379.50000000,0.5601
1749263822,0.55920000,797.20000000,0.5601
1749263822,0.55910000,2210.50000000,0.5601
1749263822,0.55900000,380.50000000,0.5601
1749263822,0.55890000,1320.20000000,0.5601
1749263822,0.55880000,3486.90000000,0.5601
1749263822,0.55870000,4666.40000000,0.5601
1749263822,0.55860000,2278.80000000,0.5601
1749263822,0.55850000,5203.00000000,0.5601
1749263822,0.55840000,688.90000000,0.5601
1749263822,0.55830000,154.70000000,0.5601
1749263822,0.55820000,3141.20000000,0.5601
1749263822,0.55810000,2423.20000000,0.5601
1749263822,0.55800000,12930.90000000,0.5601
1749263822,0.55790000,4653.00000000,0.5601
1749263822,0.55780000,11892.70000000,0.5601
1749263822,0.55770000,369.30000000,0.5601
1749263822,0.55760000,18282.80000000,0.5601
1749263822,0.55750000,141.20000000,0.5601
1749263822,0.55740000,801.80000000,0.5601
1749263822,0.55730000,931.20000000,0.5601
1749263822,0.55720000,355.60000000,0.5601
1749263822,0.55710000,27038.10000000,0.5601
1749263822,0.55700000,750.90000000,0.5601
1749263822,0.55690000,523.50000000,0.5601
1749263822,0.55680000,1970.50000000,0.5601
1749263822,0.55670000,355.70000000,0.5601
1749263822,0.55660000,355.60000000,0.5601
1749263822,0.55650000,154.70000000,0.5601
1749263822,0.55640000,214.40000000,0.5601
1749263822,0.55630000,2105.80000000,0.5601
1749263822,0.55620000,652.10000000,0.5601
1749263822,0.55600000,1973.40000000,0.5601
1749263822,0.55590000,13.50000000,0.5601
1749263822,0.55580000,214.50000000,0.5601
1749263822,0.55570000,63.40000000,0.5601
1749263822,0.55560000,228.00000000,0.5601
1749263822,0.55540000,28615.40000000,0.5601
1749263822,0.55530000,13.50000000,0.5601
1749263822,0.55510000,424.20000000,0.5601
1749263822,0.55500000,23.10000000,0.5601
1749263822,0.55470000,23750.70000000,0.5601
1749263822,0.55450000,905.80000000,0.5601
1749263822,0.55440000,13.50000000,0.5601
1749263822,0.55420000,604.70000000,0.5601
1749263822,0.55410000,13.50000000,0.5601
1749263822,0.55400000,254.30000000,0.5601
1749263822,0.55380000,13.50000000,0.5601
1749263822,0.55350000,13.50000000,0.5601
1749263822,0.55320000,13.50000000,0.5601
1749263822,0.55290000,13.50000000,0.5601
1749263822,0.55280000,1252.70000000,0.5601
1749263822,0.55260000,13.50000000,0.5601
1749263822,0.55240000,912.60000000,0.5601
1749263822,0.55230000,13.50000000,0.5601
1749263822,0.55200000,18011.40000000,0.5601
1749263822,0.55190000,14408.30000000,0.5601
1749263822,0.55170000,3926.10000000,0.5601
1749263822,0.55120000,36.30000000,0.5601
1749263822,0.55010000,609.20000000,0.5601
1749263822,0.55000000,65.10000000,0.5601
1749263822,0.54950000,77.20000000,0.5601
1749263822,0.54930000,9.90000000,0.5601
1749263822,0.54850000,610.90000000,0.5601
1749263822,0.54800000,22.00000000,0.5601
1749263822,0.54780000,18079.90000000,0.5601
1749263822,0.54770000,5655.10000000,0.5601
1749263822,0.54700000,120.90000000,0.5601
1749263822,0.54650000,430.80000000,0.5601
1749263822,0.54600000,22.00000000,0.5601
1749263822,0.54550000,111.20000000,0.5601
1749263822,0.54500000,24.20000000,0.5601
1749263822,0.54420000,9.90000000,0.5601
1749263822,0.54410000,11.00000000,0.5601
1749263822,0.54400000,22.00000000,0.5601
1749263822,0.54390000,18.30000000,0.5601
1749263822,0.54350000,5664.20000000,0.5601
1749263822,0.54300000,55.20000000,0.5601
1749263822,0.54280000,77.20000000,0.5601
1749263822,0.54200000,22.00000000,0.5601
1749263822,0.54020000,30.30000000,0.5601
1749263822,0.54000000,131.60000000,0.5601
1749263822,0.53930000,2942.10000000,0.5601
1749263822,0.53910000,9.90000000,0.5601
1749263822,0.53900000,20.80000000,0.5601
1749263822,0.53800000,110.40000000,0.5601
1749263822,0.53780000,92.90000000,0.5601
1749263822,0.53650000,19.50000000,0.5601
1749263822,0.53620000,120.90000000,0.5601
1749263822,0.53610000,45.20000000,0.5601
1749263822,0.53600000,37.30000000,0.5601
1749263822,0.53500000,2483.80000000,0.5601
1749264109,0.56020000,39.40000000,0.5601
1749264109,0.56010000,1072.50000000,0.5601
1749264109,0.56000000,39.40000000,0.5601
1749264109,0.55990000,154.60000000,0.5601
1749264109,0.55980000,2037.00000000,0.5601
1749264109,0.55970000,7720.90000000,0.5601
1749264109,0.55960000,10179.50000000,0.5601
1749264109,0.55950000,9803.50000000,0.5601
1749264109,0.55940000,4862.60000000,0.5601
1749264109,0.55930000,1047.80000000,0.5601
1749264109,0.55920000,585.50000000,0.5601
1749264109,0.55910000,1015.00000000,0.5601
1749264109,0.55900000,1264.00000000,0.5601
1749264109,0.55890000,2641.30000000,0.5601
1749264109,0.55880000,766.90000000,0.5601
1749264109,0.55870000,11847.90000000,0.5601
1749264109,0.55860000,531.10000000,0.5601
1749264109,0.55850000,141.20000000,0.5601
1749264109,0.55840000,355.50000000,0.5601
1749264109,0.55830000,2032.20000000,0.5601
1749264109,0.55820000,980.60000000,0.5601
1749264109,0.55810000,8895.90000000,0.5601
1749264109,0.55800000,14395.70000000,0.5601
1749264109,0.55790000,10456.50000000,0.5601
1749264109,0.55780000,1960.20000000,0.5601
1749264109,0.55770000,2247.10000000,0.5601
1749264109,0.55760000,19163.70000000,0.5601
1749264109,0.55750000,1608.70000000,0.5601
1749264109,0.55740000,4798.10000000,0.5601
1749264109,0.55730000,1285.00000000,0.5601
1749264109,0.55720000,355.60000000,0.5601
1749264109,0.55710000,27038.10000000,0.5601
1749264109,0.55700000,355.60000000,0.5601
1749264109,0.55690000,918.90000000,0.5601
1749264109,0.55680000,321.30000000,0.5601
1749264109,0.55670000,355.70000000,0.5601
1749264109,0.55660000,355.60000000,0.5601
1749264109,0.55650000,13.50000000,0.5601
1749264109,0.55640000,355.60000000,0.5601
1749264109,0.55630000,2247.00000000,0.5601
1749264109,0.55620000,793.30000000,0.5601
1749264109,0.55600000,2114.60000000,0.5601
1749264109,0.55590000,13.50000000,0.5601
1749264109,0.55580000,355.70000000,0.5601
1749264109,0.55570000,63.40000000,0.5601
1749264109,0.55560000,228.00000000,0.5601
1749264109,0.55540000,28615.40000000,0.5601
1749264109,0.55530000,13.50000000,0.5601
1749264109,0.55510000,424.20000000,0.5601
1749264109,0.55500000,23.10000000,0.5601
1749264109,0.55470000,23750.70000000,0.5601
1749264109,0.55460000,214.30000000,0.5601
1749264109,0.55450000,9.90000000,0.5601
1749264109,0.55440000,13.50000000,0.5601
1749264109,0.55430000,232.10000000,0.5601
1749264109,0.55420000,604.70000000,0.5601
1749264109,0.55410000,13.50000000,0.5601
1749264109,0.55400000,22.00000000,0.5601
1749264109,0.55380000,13.50000000,0.5601
1749264109,0.55350000,13.50000000,0.5601
1749264109,0.55320000,13.50000000,0.5601
1749264109,0.55290000,13.50000000,0.5601
1749264109,0.55280000,1252.70000000,0.5601
1749264109,0.55260000,13.50000000,0.5601
1749264109,0.55240000,912.60000000,0.5601
1749264109,0.55230000,13.50000000,0.5601
1749264109,0.55200000,18011.40000000,0.5601
1749264109,0.55190000,14408.30000000,0.5601
1749264109,0.55170000,3926.10000000,0.5601
1749264109,0.55120000,36.30000000,0.5601
1749264109,0.55020000,609.10000000,0.5601
1749264109,0.55000000,65.10000000,0.5601
1749264109,0.54950000,77.20000000,0.5601
1749264109,0.54930000,9.90000000,0.5601
1749264109,0.54870000,610.70000000,0.5601
1749264109,0.54800000,22.00000000,0.5601
1749264109,0.54780000,18079.90000000,0.5601
1749264109,0.54770000,5655.10000000,0.5601
1749264109,0.54700000,120.90000000,0.5601
1749264109,0.54650000,430.80000000,0.5601
1749264109,0.54600000,22.00000000,0.5601
1749264109,0.54550000,111.20000000,0.5601
1749264109,0.54500000,24.20000000,0.5601
1749264109,0.54420000,9.90000000,0.5601
1749264109,0.54410000,11.00000000,0.5601
1749264109,0.54400000,22.00000000,0.5601
1749264109,0.54390000,18.30000000,0.5601
1749264109,0.54350000,5664.20000000,0.5601
1749264109,0.54300000,55.20000000,0.5601
1749264109,0.54280000,77.20000000,0.5601
1749264109,0.54200000,22.00000000,0.5601
1749264109,0.54020000,30.30000000,0.5601
1749264109,0.54000000,131.60000000,0.5601
1749264109,0.53930000,2942.10000000,0.5601
1749264109,0.53910000,9.90000000,0.5601
1749264109,0.53900000,20.80000000,0.5601
1749264109,0.53800000,110.40000000,0.5601
1749264109,0.53780000,92.90000000,0.5601
1749264109,0.53650000,19.50000000,0.5601
1749264109,0.53620000,120.90000000,0.5601
1749264124,0.56010000,1033.20000000,0.5601
1749264124,0.56000000,180.60000000,0.5601
1749264124,0.55990000,154.60000000,0.5601
1749264124,0.55980000,1768.30000000,0.5601
1749264124,0.55970000,7610.50000000,0.5601
1749264124,0.55960000,10262.30000000,0.5601
1749264124,0.55950000,9913.90000000,0.5601
1749264124,0.55940000,5244.40000000,0.5601
1749264124,0.55930000,1272.60000000,0.5601
1749264124,0.55920000,585.50000000,0.5601
1749264124,0.55910000,1015.00000000,0.5601
1749264124,0.55900000,1264.00000000,0.5601
1749264124,0.55890000,1483.60000000,0.5601
1749264124,0.55880000,3886.90000000,0.5601
1749264124,0.55870000,8990.60000000,0.5601
1749264124,0.55860000,531.10000000,0.5601
1749264124,0.55850000,141.20000000,0.5601
1749264124,0.55840000,355.50000000,0.5601
1749264124,0.55830000,2032.20000000,0.5601
1749264124,0.55820000,3327.20000000,0.5601
1749264124,0.55810000,1597.30000000,0.5601
1749264124,0.55800000,14395.70000000,0.5601
1749264124,0.55790000,17757.70000000,0.5601
1749264124,0.55780000,1960.20000000,0.5601
