timestamp,price,volume,current_price
1749254577,0.55520000,920.80000000,0.5552
1749254577,0.55510000,194.00000000,0.5552
1749254577,0.55500000,454.90000000,0.5552
1749254577,0.55490000,194.80000000,0.5552
1749254577,0.55480000,535.30000000,0.5552
1749254577,0.55470000,1041.70000000,0.5552
1749254577,0.55460000,514.80000000,0.5552
1749254577,0.55450000,1243.90000000,0.5552
1749254577,0.55440000,5298.40000000,0.5552
1749254577,0.55430000,5550.00000000,0.5552
1749254577,0.55420000,8928.40000000,0.5552
1749254577,0.55410000,14924.80000000,0.5552
1749254577,0.55400000,10622.20000000,0.5552
1749254577,0.55390000,3013.60000000,0.5552
1749254577,0.55380000,357.30000000,0.5552
1749254577,0.55370000,6573.00000000,0.5552
1749254577,0.55360000,1941.00000000,0.5552
1749254577,0.55350000,6124.60000000,0.5552
1749254577,0.55340000,3742.50000000,0.5552
1749254577,0.55330000,357.00000000,0.5552
1749254577,0.55320000,186.20000000,0.5552
1749254577,0.55310000,781.20000000,0.5552
1749254577,0.55300000,11995.60000000,0.5552
1749254577,0.55290000,5701.10000000,0.5552
1749254577,0.55280000,186.20000000,0.5552
1749254577,0.55270000,357.00000000,0.5552
1749254577,0.55260000,16928.20000000,0.5552
1749254577,0.55250000,1246.00000000,0.5552
1749254577,0.55240000,758.80000000,0.5552
1749254577,0.55230000,825.90000000,0.5552
1749254577,0.55220000,357.10000000,0.5552
1749254577,0.55210000,22939.00000000,0.5552
1749254577,0.55200000,632.40000000,0.5552
1749254577,0.55190000,357.20000000,0.5552
1749254577,0.55180000,357.00000000,0.5552
1749254577,0.55170000,141.20000000,0.5552
1749254577,0.55160000,357.90000000,0.5552
1749254577,0.55150000,357.30000000,0.5552
1749254577,0.55140000,216.10000000,0.5552
1749254577,0.55130000,2104.10000000,0.5552
1749254577,0.55120000,36.30000000,0.5552
1749254577,0.55090000,640.50000000,0.5552
1749254577,0.55080000,216.00000000,0.5552
1749254577,0.55050000,29175.10000000,0.5552
1749254577,0.55040000,79.30000000,0.5552
1749254577,0.55030000,216.00000000,0.5552
1749254577,0.55000000,65.10000000,0.5552
1749254577,0.54990000,424.20000000,0.5552
1749254577,0.54950000,77.20000000,0.5552
1749254577,0.54940000,234.20000000,0.5552
1749254577,0.54930000,1771.00000000,0.5552
1749254577,0.54910000,23008.50000000,0.5552
1749254577,0.54800000,22.00000000,0.5552
1749254577,0.54780000,1263.40000000,0.5552
1749254577,0.54770000,17975.90000000,0.5552
1749254577,0.54760000,14204.80000000,0.5552
1749254577,0.54740000,920.90000000,0.5552
1749254577,0.54700000,120.90000000,0.5552
1749254577,0.54690000,3857.50000000,0.5552
1749254577,0.54650000,430.80000000,0.5552
1749254577,0.54600000,22.00000000,0.5552
1749254577,0.54570000,621.70000000,0.5552
1749254577,0.54550000,111.20000000,0.5552
1749254577,0.54500000,24.20000000,0.5552
1749254577,0.54420000,9.90000000,0.5552
1749254577,0.54400000,22.00000000,0.5552
1749254577,0.54390000,18.30000000,0.5552
1749254577,0.54340000,23947.60000000,0.5552
1749254577,0.54300000,55.20000000,0.5552
1749254577,0.54280000,77.20000000,0.5552
1749254577,0.54200000,22.00000000,0.5552
1749254577,0.54080000,627.40000000,0.5552
1749254577,0.54020000,30.30000000,0.5552
1749254577,0.54000000,131.60000000,0.5552
1749254577,0.53930000,5858.50000000,0.5552
1749254577,0.53910000,9.90000000,0.5552
1749254577,0.53900000,20.80000000,0.5552
1749254577,0.53800000,110.40000000,0.5552
1749254577,0.53780000,92.90000000,0.5552
1749254577,0.53650000,19.50000000,0.5552
1749254577,0.53620000,120.90000000,0.5552
1749254577,0.53610000,45.20000000,0.5552
1749254577,0.53600000,37.30000000,0.5552
1749254577,0.53510000,2939.90000000,0.5552
1749254577,0.53500000,2483.80000000,0.5552
1749254577,0.53450000,37.30000000,0.5552
1749254577,0.53440000,93.50000000,0.5552
1749254577,0.53400000,31.90000000,0.5552
1749254577,0.53350000,66.90000000,0.5552
1749254577,0.53310000,100.00000000,0.5552
1749254577,0.53300000,18.70000000,0.5552
1749254577,0.53280000,16.80000000,0.5552
1749254577,0.53240000,11.20000000,0.5552
1749254577,0.53200000,32.50000000,0.5552
1749254577,0.53100000,2133.90000000,0.5552
1749254577,0.53080000,26.60000000,0.5552
1749254577,0.53070000,95.60000000,0.5552
1749254577,0.53030000,63.80000000,0.5552
1749254577,0.53000000,2049.60000000,0.5552
1749254577,0.52970000,77.20000000,0.5552
1749254601,0.55520000,21.00000000,0.5552
1749254601,0.55510000,952.70000000,0.5552
1749254601,0.55500000,159.20000000,0.5552
1749254601,0.55490000,194.80000000,0.5552
1749254601,0.55480000,535.30000000,0.5552
1749254601,0.55470000,620.40000000,0.5552
1749254601,0.55460000,1337.60000000,0.5552
1749254601,0.55450000,890.80000000,0.5552
1749254601,0.55440000,3136.90000000,0.5552
1749254601,0.55430000,5744.70000000,0.5552
1749254601,0.55420000,11413.40000000,0.5552
1749254601,0.55410000,13253.30000000,0.5552
1749254601,0.55400000,10622.20000000,0.5552
1749254601,0.55390000,3013.60000000,0.5552
1749254601,0.55380000,357.30000000,0.5552
1749254601,0.55370000,6573.00000000,0.5552
1749254601,0.55360000,1941.00000000,0.5552
1749254601,0.55350000,6124.60000000,0.5552
1749254601,0.55340000,3742.50000000,0.5552
1749254601,0.55330000,357.00000000,0.5552
1749254601,0.55320000,186.20000000,0.5552
1749254601,0.55310000,781.20000000,0.5552
1749254601,0.55300000,12679.50000000,0.5552
1749254601,0.55290000,5701.10000000,0.5552
1749254601,0.55280000,700.20000000,0.5552
1749254601,0.55270000,357.00000000,0.5552
1749254601,0.55260000,16928.20000000,0.5552
1749254601,0.55250000,1246.00000000,0.5552
1749254601,0.55240000,758.80000000,0.5552
1749254601,0.55230000,141.20000000,0.5552
1749254601,0.55220000,357.10000000,0.5552
1749254601,0.55210000,25064.80000000,0.5552
1749254601,0.55200000,632.40000000,0.5552
1749254601,0.55190000,357.20000000,0.5552
1749254601,0.55180000,357.00000000,0.5552
1749254601,0.55170000,141.20000000,0.5552
1749254601,0.55160000,357.90000000,0.5552
1749254601,0.55150000,357.30000000,0.5552
1749254601,0.55140000,216.10000000,0.5552
1749254601,0.55130000,2104.10000000,0.5552
1749254601,0.55120000,36.30000000,0.5552
1749254601,0.55090000,640.50000000,0.5552
1749254601,0.55080000,216.00000000,0.5552
1749254601,0.55050000,29175.10000000,0.5552
1749254601,0.55040000,79.30000000,0.5552
1749254601,0.55030000,216.00000000,0.5552
1749254601,0.55000000,65.10000000,0.5552
1749254601,0.54990000,424.20000000,0.5552
1749254601,0.54950000,77.20000000,0.5552
1749254601,0.54940000,234.20000000,0.5552
1749254601,0.54930000,1771.00000000,0.5552
1749254601,0.54910000,23008.50000000,0.5552
1749254601,0.54800000,22.00000000,0.5552
1749254601,0.54780000,1263.40000000,0.5552
1749254601,0.54770000,17975.90000000,0.5552
1749254601,0.54760000,14204.80000000,0.5552
1749254601,0.54740000,920.90000000,0.5552
1749254601,0.54700000,120.90000000,0.5552
1749254601,0.54690000,3857.50000000,0.5552
1749254601,0.54650000,430.80000000,0.5552
1749254601,0.54600000,22.00000000,0.5552
1749254601,0.54570000,621.70000000,0.5552
1749254601,0.54550000,111.20000000,0.5552
1749254601,0.54500000,24.20000000,0.5552
1749254601,0.54420000,9.90000000,0.5552
1749254601,0.54400000,22.00000000,0.5552
1749254601,0.54390000,18.30000000,0.5552
1749254601,0.54340000,23947.60000000,0.5552
1749254601,0.54300000,55.20000000,0.5552
1749254601,0.54280000,77.20000000,0.5552
1749254601,0.54200000,22.00000000,0.5552
1749254601,0.54080000,627.40000000,0.5552
1749254601,0.54020000,30.30000000,0.5552
1749254601,0.54000000,131.60000000,0.5552
1749254601,0.53930000,5858.50000000,0.5552
1749254601,0.53910000,9.90000000,0.5552
1749254601,0.53900000,20.80000000,0.5552
1749254601,0.53800000,110.40000000,0.5552
1749254601,0.53780000,92.90000000,0.5552
1749254601,0.53650000,19.50000000,0.5552
1749254601,0.53620000,120.90000000,0.5552
1749254601,0.53610000,45.20000000,0.5552
1749254601,0.53600000,37.30000000,0.5552
1749254601,0.53510000,2939.90000000,0.5552
1749254601,0.53500000,2483.80000000,0.5552
1749254601,0.53450000,37.30000000,0.5552
1749254601,0.53440000,93.50000000,0.5552
1749254601,0.53400000,31.90000000,0.5552
1749254601,0.53350000,66.90000000,0.5552
1749254601,0.53310000,100.00000000,0.5552
1749254601,0.53300000,18.70000000,0.5552
1749254601,0.53280000,16.80000000,0.5552
1749254601,0.53240000,11.20000000,0.5552
1749254601,0.53200000,32.50000000,0.5552
1749254601,0.53100000,2133.90000000,0.5552
1749254601,0.53080000,26.60000000,0.5552
1749254601,0.53070000,95.60000000,0.5552
1749254601,0.53030000,63.80000000,0.5552
1749254601,0.53000000,2049.60000000,0.5552
1749254601,0.52970000,77.20000000,0.5552
1749254888,0.55600000,246.50000000,0.556
1749254888,0.55590000,1039.80000000,0.556
1749254888,0.55580000,194.40000000,0.556
1749254888,0.55560000,1032.20000000,0.556
1749254888,0.55550000,4375.50000000,0.556
1749254888,0.55540000,6695.40000000,0.556
1749254888,0.55530000,7626.10000000,0.556
1749254888,0.55520000,8128.70000000,0.556
1749254888,0.55510000,13602.90000000,0.556
1749254888,0.55500000,2654.40000000,0.556
1749254888,0.55490000,141.20000000,0.556
1749254888,0.55480000,481.80000000,0.556
1749254888,0.55470000,436.90000000,0.556
1749254888,0.55460000,15088.30000000,0.556
1749254888,0.55450000,3141.20000000,0.556
1749254888,0.55440000,1952.10000000,0.556
1749254888,0.55430000,357.20000000,0.556
1749254888,0.55420000,141.20000000,0.556
1749254888,0.55410000,2492.70000000,0.556
1749254888,0.55400000,6817.50000000,0.556
1749254888,0.55390000,141.20000000,0.556
1749254888,0.55380000,357.30000000,0.556
1749254888,0.55370000,6573.00000000,0.556
1749254888,0.55360000,12693.00000000,0.556
1749254888,0.55350000,357.60000000,0.556
1749254888,0.55340000,6989.40000000,0.556
1749254888,0.55330000,357.00000000,0.556
1749254888,0.55320000,17285.30000000,0.556
1749254888,0.55310000,1669.20000000,0.556
1749254888,0.55300000,357.00000000,0.556
1749254888,0.55280000,141.20000000,0.556
1749254888,0.55270000,1389.40000000,0.556
1749254888,0.55260000,141.20000000,0.556
1749254888,0.55250000,357.00000000,0.556
1749254888,0.55240000,435.80000000,0.556
1749254888,0.55220000,357.10000000,0.556
1749254888,0.55210000,24503.40000000,0.556
1749254888,0.55200000,29405.00000000,0.556
1749254888,0.55190000,357.20000000,0.556
1749254888,0.55180000,357.00000000,0.556
1749254888,0.55150000,216.10000000,0.556
1749254888,0.55140000,216.10000000,0.556
1749254888,0.55120000,36.30000000,0.556
1749254888,0.55110000,215.80000000,0.556
1749254888,0.55090000,424.20000000,0.556
1749254888,0.55000000,299.00000000,0.556
1749254888,0.54990000,424.20000000,0.556
1749254888,0.54970000,1758.50000000,0.556
1749254888,0.54950000,77.20000000,0.556
1749254888,0.54930000,9.90000000,0.556
1749254888,0.54910000,23008.50000000,0.556
1749254888,0.54800000,22.00000000,0.556
1749254888,0.54770000,18587.70000000,0.556
1749254888,0.54760000,14204.80000000,0.556
1749254888,0.54700000,120.90000000,0.556
1749254888,0.54690000,3857.50000000,0.556
1749254888,0.54650000,430.80000000,0.556
1749254888,0.54600000,22.00000000,0.556
1749254888,0.54550000,111.20000000,0.556
1749254888,0.54500000,24.20000000,0.556
1749254888,0.54420000,9.90000000,0.556
1749254888,0.54400000,22.00000000,0.556
1749254888,0.54390000,18.30000000,0.556
1749254888,0.54340000,5867.70000000,0.556
1749254888,0.54300000,55.20000000,0.556
1749254888,0.54280000,77.20000000,0.556
1749254888,0.54240000,625.50000000,0.556
1749254888,0.54200000,22.00000000,0.556
1749254888,0.54020000,30.30000000,0.556
1749254888,0.54000000,131.60000000,0.556
1749254888,0.53940000,18079.90000000,0.556
1749254888,0.53930000,5858.50000000,0.556
1749254888,0.53910000,9.90000000,0.556
1749254888,0.53900000,20.80000000,0.556
1749254888,0.53800000,110.40000000,0.556
1749254888,0.53780000,92.90000000,0.556
1749254888,0.53650000,19.50000000,0.556
1749254888,0.53620000,120.90000000,0.556
1749254888,0.53610000,45.20000000,0.556
1749254888,0.53600000,37.30000000,0.556
1749254888,0.53510000,2939.90000000,0.556
1749254888,0.53500000,2483.80000000,0.556
1749254888,0.53450000,37.30000000,0.556
1749254888,0.53440000,93.50000000,0.556
1749254888,0.53400000,31.90000000,0.556
1749254888,0.53350000,66.90000000,0.556
1749254888,0.53310000,100.00000000,0.556
1749254888,0.53300000,18.70000000,0.556
1749254888,0.53280000,16.80000000,0.556
1749254888,0.53240000,11.20000000,0.556
1749254888,0.53200000,32.50000000,0.556
1749254888,0.53100000,2133.90000000,0.556
1749254888,0.53080000,26.60000000,0.556
1749254888,0.53070000,95.60000000,0.556
1749254888,0.53030000,63.80000000,0.556
1749254888,0.53000000,2049.60000000,0.556
1749254888,0.52970000,77.20000000,0.556
1749254888,0.52900000,3746.90000000,0.556
1749254888,0.52860000,50.00000000,0.556
1749254888,0.52800000,42.80000000,0.556
1749254907,0.55580000,1093.20000000,0.556
1749254907,0.55570000,53.00000000,0.556
1749254907,0.55560000,1032.20000000,0.556
1749254907,0.55550000,3398.60000000,0.556
1749254907,0.55540000,6773.10000000,0.556
1749254907,0.55530000,8096.00000000,0.556
1749254907,0.55520000,6653.40000000,0.556
1749254907,0.55510000,9092.90000000,0.556
1749254907,0.55500000,2467.70000000,0.556
1749254907,0.55490000,141.20000000,0.556
1749254907,0.55480000,481.80000000,0.556
1749254907,0.55470000,436.90000000,0.556
1749254907,0.55460000,17123.50000000,0.556
1749254907,0.55450000,3141.20000000,0.556
1749254907,0.55440000,1952.10000000,0.556
1749254907,0.55430000,357.20000000,0.556
1749254907,0.55420000,141.20000000,0.556
1749254907,0.55410000,2492.70000000,0.556
1749254907,0.55400000,7566.80000000,0.556
1749254907,0.55390000,141.20000000,0.556
1749254907,0.55380000,357.30000000,0.556
1749254907,0.55370000,6573.00000000,0.556
1749254907,0.55360000,12737.90000000,0.556
1749254907,0.55350000,357.60000000,0.556
1749254907,0.55340000,3742.50000000,0.556
1749254907,0.55330000,357.00000000,0.556
1749254907,0.55320000,17285.30000000,0.556
1749254907,0.55310000,1669.20000000,0.556
1749254907,0.55300000,357.00000000,0.556
1749254907,0.55280000,825.30000000,0.556
1749254907,0.55270000,1389.40000000,0.556
1749254907,0.55260000,141.20000000,0.556
1749254907,0.55250000,357.00000000,0.556
1749254907,0.55240000,435.80000000,0.556
1749254907,0.55220000,357.10000000,0.556
1749254907,0.55210000,24503.40000000,0.556
1749254907,0.55200000,29405.00000000,0.556
1749254907,0.55190000,357.20000000,0.556
1749254907,0.55180000,357.00000000,0.556
1749254907,0.55150000,357.30000000,0.556
1749254907,0.55140000,216.10000000,0.556
1749254907,0.55120000,36.30000000,0.556
1749254907,0.55110000,215.80000000,0.556
1749254907,0.55090000,424.20000000,0.556
1749254907,0.55000000,299.00000000,0.556
1749254907,0.54990000,424.20000000,0.556
1749254907,0.54970000,1758.50000000,0.556
1749254907,0.54950000,77.20000000,0.556
1749254907,0.54930000,9.90000000,0.556
1749254907,0.54910000,23008.50000000,0.556
1749254907,0.54800000,22.00000000,0.556
1749254907,0.54770000,18587.70000000,0.556
1749254907,0.54760000,14204.80000000,0.556
1749254907,0.54700000,120.90000000,0.556
1749254907,0.54690000,3857.50000000,0.556
1749254907,0.54650000,430.80000000,0.556
1749254907,0.54600000,22.00000000,0.556
1749254907,0.54550000,111.20000000,0.556
1749254907,0.54500000,24.20000000,0.556
1749254907,0.54420000,9.90000000,0.556
1749254907,0.54400000,22.00000000,0.556
1749254907,0.54390000,18.30000000,0.556
1749254907,0.54340000,5867.70000000,0.556
1749254907,0.54300000,55.20000000,0.556
1749254907,0.54280000,77.20000000,0.556
1749254907,0.54240000,625.50000000,0.556
1749254907,0.54200000,22.00000000,0.556
1749254907,0.54020000,30.30000000,0.556
1749254907,0.54000000,131.60000000,0.556
1749254907,0.53940000,18079.90000000,0.556
1749254907,0.53930000,5858.50000000,0.556
1749254907,0.53910000,9.90000000,0.556
1749254907,0.53900000,20.80000000,0.556
1749254907,0.53800000,110.40000000,0.556
1749254907,0.53780000,92.90000000,0.556
1749254907,0.53650000,19.50000000,0.556
1749254907,0.53620000,120.90000000,0.556
1749254907,0.53610000,45.20000000,0.556
1749254907,0.53600000,37.30000000,0.556
1749254907,0.53510000,2939.90000000,0.556
1749254907,0.53500000,2483.80000000,0.556
1749254907,0.53450000,37.30000000,0.556
1749254907,0.53440000,93.50000000,0.556
1749254907,0.53400000,31.90000000,0.556
1749254907,0.53350000,66.90000000,0.556
1749254907,0.53310000,100.00000000,0.556
1749254907,0.53300000,18.70000000,0.556
1749254907,0.53280000,16.80000000,0.556
1749254907,0.53240000,11.20000000,0.556
1749254907,0.53200000,32.50000000,0.556
1749254907,0.53100000,2133.90000000,0.556
1749254907,0.53080000,26.60000000,0.556
1749254907,0.53070000,95.60000000,0.556
1749254907,0.53030000,63.80000000,0.556
1749254907,0.53000000,2049.60000000,0.556
1749254907,0.52970000,77.20000000,0.556
1749254907,0.52900000,3746.90000000,0.556
1749254907,0.52860000,50.00000000,0.556
1749254907,0.52800000,42.80000000,0.556
1749254907,0.52780000,144.10000000,0.556
