timestamp,price,volume,current_price
1749258359,0.56090000,141.20000000,0.5609
1749258359,0.56080000,1032.00000000,0.5609
1749258359,0.56070000,141.20000000,0.5609
1749258359,0.56060000,497.80000000,0.5609
1749258359,0.56050000,1320.40000000,0.5609
1749258359,0.56040000,4533.30000000,0.5609
1749258359,0.56030000,4319.50000000,0.5609
1749258359,0.56020000,6127.70000000,0.5609
1749258359,0.56010000,5599.20000000,0.5609
1749258359,0.56000000,1357.20000000,0.5609
1749258359,0.55990000,2340.70000000,0.5609
1749258359,0.55980000,409.90000000,0.5609
1749258359,0.55970000,1246.50000000,0.5609
1749258359,0.55960000,7237.00000000,0.5609
1749258359,0.55950000,3207.30000000,0.5609
1749258359,0.55940000,4248.40000000,0.5609
1749258359,0.55930000,141.20000000,0.5609
1749258359,0.55920000,2643.10000000,0.5609
1749258359,0.55910000,355.10000000,0.5609
1749258359,0.55900000,6063.10000000,0.5609
1749258359,0.55890000,719.50000000,0.5609
1749258359,0.55880000,1823.80000000,0.5609
1749258359,0.55870000,5427.70000000,0.5609
1749258359,0.55860000,32165.00000000,0.5609
1749258359,0.55850000,7281.00000000,0.5609
1749258359,0.55840000,4632.70000000,0.5609
1749258359,0.55830000,355.60000000,0.5609
1749258359,0.55820000,494.70000000,0.5609
1749258359,0.55810000,1209.80000000,0.5609
1749258359,0.55800000,400.30000000,0.5609
1749258359,0.55780000,141.20000000,0.5609
1749258359,0.55770000,519.90000000,0.5609
1749258359,0.55760000,25539.60000000,0.5609
1749258359,0.55750000,565.40000000,0.5609
1749258359,0.55740000,141.20000000,0.5609
1749258359,0.55730000,355.90000000,0.5609
1749258359,0.55720000,400.60000000,0.5609
1749258359,0.55700000,356.00000000,0.5609
1749258359,0.55680000,2551.60000000,0.5609
1749258359,0.55660000,356.20000000,0.5609
1749258359,0.55640000,28667.00000000,0.5609
1749258359,0.55630000,356.30000000,0.5609
1749258359,0.55610000,355.20000000,0.5609
1749258359,0.55600000,1273.30000000,0.5609
1749258359,0.55570000,63.40000000,0.5609
1749258359,0.55540000,23764.30000000,0.5609
1749258359,0.55530000,424.20000000,0.5609
1749258359,0.55510000,894.50000000,0.5609
1749258359,0.55500000,9.60000000,0.5609
1749258359,0.55470000,604.10000000,0.5609
1749258359,0.55450000,241.90000000,0.5609
1749258359,0.55420000,1248.80000000,0.5609
1749258359,0.55400000,22.00000000,0.5609
1749258359,0.55310000,79.30000000,0.5609
1749258359,0.55260000,17975.90000000,0.5609
1749258359,0.55250000,3941.50000000,0.5609
1749258359,0.55230000,912.80000000,0.5609
1749258359,0.55200000,22.00000000,0.5609
1749258359,0.55120000,36.30000000,0.5609
1749258359,0.55080000,13921.60000000,0.5609
1749258359,0.55000000,65.10000000,0.5609
1749258359,0.54950000,77.20000000,0.5609
1749258359,0.54930000,9.90000000,0.5609
1749258359,0.54800000,22.00000000,0.5609
1749258359,0.54700000,120.90000000,0.5609
1749258359,0.54670000,18079.90000000,0.5609
1749258359,0.54660000,5779.40000000,0.5609
1749258359,0.54650000,430.80000000,0.5609
1749258359,0.54600000,22.00000000,0.5609
1749258359,0.54550000,111.20000000,0.5609
1749258359,0.54500000,24.20000000,0.5609
1749258359,0.54420000,9.90000000,0.5609
1749258359,0.54410000,11.00000000,0.5609
1749258359,0.54400000,22.00000000,0.5609
1749258359,0.54390000,18.30000000,0.5609
1749258359,0.54300000,55.20000000,0.5609
1749258359,0.54280000,77.20000000,0.5609
1749258359,0.54240000,5695.20000000,0.5609
1749258359,0.54200000,22.00000000,0.5609
1749258359,0.54020000,30.30000000,0.5609
1749258359,0.54000000,131.60000000,0.5609
1749258359,0.53910000,9.90000000,0.5609
1749258359,0.53900000,20.80000000,0.5609
1749258359,0.53830000,2833.80000000,0.5609
1749258359,0.53800000,110.40000000,0.5609
1749258359,0.53780000,92.90000000,0.5609
1749258359,0.53650000,19.50000000,0.5609
1749258359,0.53620000,120.90000000,0.5609
1749258359,0.53610000,45.20000000,0.5609
1749258359,0.53600000,37.30000000,0.5609
1749258359,0.53500000,2483.80000000,0.5609
1749258359,0.53450000,37.30000000,0.5609
1749258359,0.53440000,93.50000000,0.5609
1749258359,0.53400000,31.90000000,0.5609
1749258359,0.53350000,66.90000000,0.5609
1749258359,0.53310000,100.00000000,0.5609
1749258359,0.53300000,18.70000000,0.5609
1749258359,0.53280000,16.80000000,0.5609
1749258359,0.53240000,11.20000000,0.5609
1749258359,0.53200000,32.50000000,0.5609
1749258374,0.56080000,338.20000000,0.5609
1749258374,0.56070000,321.90000000,0.5609
1749258374,0.56060000,1032.30000000,0.5609
1749258374,0.56050000,141.20000000,0.5609
1749258374,0.56040000,1792.20000000,0.5609
1749258374,0.56030000,2270.90000000,0.5609
1749258374,0.56020000,3818.30000000,0.5609
1749258374,0.56010000,4888.20000000,0.5609
1749258374,0.56000000,5730.80000000,0.5609
1749258374,0.55990000,1925.70000000,0.5609
1749258374,0.55980000,783.90000000,0.5609
1749258374,0.55970000,1246.50000000,0.5609
1749258374,0.55960000,7237.00000000,0.5609
1749258374,0.55950000,3476.00000000,0.5609
1749258374,0.55940000,4248.40000000,0.5609
1749258374,0.55930000,141.20000000,0.5609
1749258374,0.55920000,2643.10000000,0.5609
1749258374,0.55910000,355.10000000,0.5609
1749258374,0.55900000,13336.20000000,0.5609
1749258374,0.55890000,719.50000000,0.5609
1749258374,0.55880000,1076.80000000,0.5609
1749258374,0.55870000,5427.70000000,0.5609
1749258374,0.55860000,32165.00000000,0.5609
1749258374,0.55840000,4632.70000000,0.5609
1749258374,0.55830000,355.60000000,0.5609
1749258374,0.55820000,141.20000000,0.5609
1749258374,0.55810000,1209.80000000,0.5609
1749258374,0.55800000,753.80000000,0.5609
1749258374,0.55780000,141.20000000,0.5609
1749258374,0.55770000,519.90000000,0.5609
1749258374,0.55760000,25539.60000000,0.5609
1749258374,0.55750000,565.40000000,0.5609
1749258374,0.55740000,141.20000000,0.5609
1749258374,0.55730000,355.90000000,0.5609
1749258374,0.55720000,400.60000000,0.5609
1749258374,0.55700000,356.00000000,0.5609
1749258374,0.55680000,2551.60000000,0.5609
1749258374,0.55660000,356.20000000,0.5609
1749258374,0.55640000,28667.00000000,0.5609
1749258374,0.55630000,356.30000000,0.5609
1749258374,0.55610000,214.00000000,0.5609
1749258374,0.55600000,1273.30000000,0.5609
1749258374,0.55570000,63.40000000,0.5609
1749258374,0.55540000,23764.30000000,0.5609
1749258374,0.55530000,424.20000000,0.5609
1749258374,0.55510000,894.50000000,0.5609
1749258374,0.55500000,9.60000000,0.5609
1749258374,0.55470000,604.10000000,0.5609
1749258374,0.55450000,241.90000000,0.5609
1749258374,0.55420000,1248.80000000,0.5609
1749258374,0.55400000,22.00000000,0.5609
1749258374,0.55310000,79.30000000,0.5609
1749258374,0.55260000,17975.90000000,0.5609
1749258374,0.55250000,3941.50000000,0.5609
1749258374,0.55230000,912.80000000,0.5609
1749258374,0.55200000,22.00000000,0.5609
1749258374,0.55120000,36.30000000,0.5609
1749258374,0.55080000,13921.60000000,0.5609
1749258374,0.55000000,65.10000000,0.5609
1749258374,0.54950000,77.20000000,0.5609
1749258374,0.54930000,9.90000000,0.5609
1749258374,0.54800000,22.00000000,0.5609
1749258374,0.54700000,120.90000000,0.5609
1749258374,0.54670000,18079.90000000,0.5609
1749258374,0.54660000,5779.40000000,0.5609
1749258374,0.54650000,430.80000000,0.5609
1749258374,0.54600000,22.00000000,0.5609
1749258374,0.54550000,111.20000000,0.5609
1749258374,0.54500000,24.20000000,0.5609
1749258374,0.54420000,9.90000000,0.5609
1749258374,0.54410000,11.00000000,0.5609
1749258374,0.54400000,22.00000000,0.5609
1749258374,0.54390000,18.30000000,0.5609
1749258374,0.54300000,55.20000000,0.5609
1749258374,0.54280000,77.20000000,0.5609
1749258374,0.54240000,5695.20000000,0.5609
1749258374,0.54200000,22.00000000,0.5609
1749258374,0.54020000,30.30000000,0.5609
1749258374,0.54000000,131.60000000,0.5609
1749258374,0.53910000,9.90000000,0.5609
1749258374,0.53900000,20.80000000,0.5609
1749258374,0.53830000,2833.80000000,0.5609
1749258374,0.53800000,110.40000000,0.5609
1749258374,0.53780000,92.90000000,0.5609
1749258374,0.53650000,19.50000000,0.5609
1749258374,0.53620000,120.90000000,0.5609
1749258374,0.53610000,45.20000000,0.5609
1749258374,0.53600000,37.30000000,0.5609
1749258374,0.53500000,2483.80000000,0.5609
1749258374,0.53450000,37.30000000,0.5609
1749258374,0.53440000,93.50000000,0.5609
1749258374,0.53400000,31.90000000,0.5609
1749258374,0.53350000,66.90000000,0.5609
1749258374,0.53310000,100.00000000,0.5609
1749258374,0.53300000,18.70000000,0.5609
1749258374,0.53280000,16.80000000,0.5609
1749258374,0.53240000,11.20000000,0.5609
1749258374,0.53200000,32.50000000,0.5609
1749258374,0.53100000,2133.90000000,0.5609
1749258374,0.53080000,26.60000000,0.5609
1749258661,0.56000000,141.20000000,0.5601
1749258661,0.55990000,558.40000000,0.5601
1749258661,0.55980000,1390.70000000,0.5601
1749258661,0.55970000,141.20000000,0.5601
1749258661,0.55960000,2052.90000000,0.5601
1749258661,0.55950000,5220.00000000,0.5601
1749258661,0.55940000,3455.80000000,0.5601
1749258661,0.55930000,8186.40000000,0.5601
1749258661,0.55920000,3217.40000000,0.5601
1749258661,0.55910000,7767.30000000,0.5601
1749258661,0.55900000,2289.70000000,0.5601
1749258661,0.55890000,623.80000000,0.5601
1749258661,0.55880000,3624.10000000,0.5601
1749258661,0.55870000,11133.30000000,0.5601
1749258661,0.55860000,2808.50000000,0.5601
1749258661,0.55850000,2163.40000000,0.5601
1749258661,0.55840000,3708.70000000,0.5601
1749258661,0.55830000,355.60000000,0.5601
1749258661,0.55820000,141.20000000,0.5601
1749258661,0.55810000,13520.70000000,0.5601
1749258661,0.55800000,13318.50000000,0.5601
1749258661,0.55790000,4653.00000000,0.5601
1749258661,0.55780000,917.30000000,0.5601
1749258661,0.55770000,1210.60000000,0.5601
1749258661,0.55760000,19196.10000000,0.5601
1749258661,0.55750000,565.40000000,0.5601
1749258661,0.55740000,451.90000000,0.5601
1749258661,0.55730000,709.40000000,0.5601
1749258661,0.55720000,356.00000000,0.5601
1749258661,0.55710000,27007.30000000,0.5601
1749258661,0.55700000,356.00000000,0.5601
1749258661,0.55680000,356.10000000,0.5601
1749258661,0.55670000,308.10000000,0.5601
1749258661,0.55660000,1145.60000000,0.5601
1749258661,0.55640000,28273.80000000,0.5601
1749258661,0.55630000,356.30000000,0.5601
1749258661,0.55620000,44.60000000,0.5601
1749258661,0.55610000,355.20000000,0.5601
1749258661,0.55600000,1414.50000000,0.5601
1749258661,0.55570000,63.40000000,0.5601
1749258661,0.55540000,603.40000000,0.5601
1749258661,0.55530000,468.80000000,0.5601
1749258661,0.55510000,894.50000000,0.5601
1749258661,0.55500000,9.60000000,0.5601
1749258661,0.55480000,23019.30000000,0.5601
1749258661,0.55450000,241.90000000,0.5601
1749258661,0.55440000,44.60000000,0.5601
1749258661,0.55420000,1248.80000000,0.5601
1749258661,0.55400000,22.00000000,0.5601
1749258661,0.55350000,44.60000000,0.5601
1749258661,0.55340000,605.50000000,0.5601
1749258661,0.55260000,44.60000000,0.5601
1749258661,0.55230000,912.80000000,0.5601
1749258661,0.55200000,32339.10000000,0.5601
1749258661,0.55170000,44.60000000,0.5601
1749258661,0.55120000,36.30000000,0.5601
1749258661,0.55080000,44.60000000,0.5601
1749258661,0.55000000,65.10000000,0.5601
1749258661,0.54950000,77.20000000,0.5601
1749258661,0.54930000,9.90000000,0.5601
1749258661,0.54800000,22.00000000,0.5601
1749258661,0.54790000,18079.90000000,0.5601
1749258661,0.54780000,5767.40000000,0.5601
1749258661,0.54700000,120.90000000,0.5601
1749258661,0.54650000,430.80000000,0.5601
1749258661,0.54600000,22.00000000,0.5601
1749258661,0.54550000,111.20000000,0.5601
1749258661,0.54500000,24.20000000,0.5601
1749258661,0.54420000,9.90000000,0.5601
1749258661,0.54410000,11.00000000,0.5601
1749258661,0.54400000,22.00000000,0.5601
1749258661,0.54390000,18.30000000,0.5601
1749258661,0.54360000,5734.20000000,0.5601
1749258661,0.54300000,55.20000000,0.5601
1749258661,0.54280000,77.20000000,0.5601
1749258661,0.54200000,22.00000000,0.5601
1749258661,0.54020000,30.30000000,0.5601
1749258661,0.54000000,131.60000000,0.5601
1749258661,0.53940000,2945.00000000,0.5601
1749258661,0.53910000,9.90000000,0.5601
1749258661,0.53900000,20.80000000,0.5601
1749258661,0.53800000,110.40000000,0.5601
1749258661,0.53780000,92.90000000,0.5601
1749258661,0.53650000,19.50000000,0.5601
1749258661,0.53620000,120.90000000,0.5601
1749258661,0.53610000,45.20000000,0.5601
1749258661,0.53600000,37.30000000,0.5601
1749258661,0.53500000,2483.80000000,0.5601
1749258661,0.53450000,37.30000000,0.5601
1749258661,0.53440000,93.50000000,0.5601
1749258661,0.53400000,31.90000000,0.5601
1749258661,0.53350000,66.90000000,0.5601
1749258661,0.53310000,100.00000000,0.5601
1749258661,0.53300000,18.70000000,0.5601
1749258661,0.53280000,16.80000000,0.5601
1749258661,0.53240000,11.20000000,0.5601
1749258661,0.53200000,32.50000000,0.5601
1749258661,0.53100000,2133.90000000,0.5601
1749258661,0.53080000,26.60000000,0.5601
1749258661,0.53070000,95.60000000,0.5601
1749258690,0.56030000,141.20000000,0.5601
1749258690,0.56020000,1078.00000000,0.5601
1749258690,0.56010000,332.10000000,0.5601
1749258690,0.56000000,186.20000000,0.5601
1749258690,0.55990000,409.90000000,0.5601
1749258690,0.55980000,141.20000000,0.5601
1749258690,0.55970000,868.60000000,0.5601
1749258690,0.55960000,2945.50000000,0.5601
1749258690,0.55950000,5488.70000000,0.5601
1749258690,0.55940000,3455.80000000,0.5601
1749258690,0.55930000,8629.00000000,0.5601
1749258690,0.55920000,3429.90000000,0.5601
1749258690,0.55910000,5980.30000000,0.5601
1749258690,0.55900000,409.90000000,0.5601
1749258690,0.55890000,2441.80000000,0.5601
1749258690,0.55880000,6210.20000000,0.5601
1749258690,0.55870000,7323.00000000,0.5601
1749258690,0.55860000,2808.50000000,0.5601
1749258690,0.55850000,3013.30000000,0.5601
1749258690,0.55840000,3708.70000000,0.5601
1749258690,0.55830000,355.60000000,0.5601
1749258690,0.55820000,141.20000000,0.5601
1749258690,0.55810000,6233.60000000,0.5601
1749258690,0.55800000,13318.50000000,0.5601
1749258690,0.55790000,12691.20000000,0.5601
1749258690,0.55780000,917.30000000,0.5601
1749258690,0.55770000,1888.70000000,0.5601
1749258690,0.55760000,19549.60000000,0.5601
1749258690,0.55750000,565.40000000,0.5601
1749258690,0.55740000,451.90000000,0.5601
1749258690,0.55730000,355.90000000,0.5601
1749258690,0.55720000,356.00000000,0.5601
1749258690,0.55710000,27007.30000000,0.5601
1749258690,0.55700000,356.00000000,0.5601
1749258690,0.55680000,356.10000000,0.5601
1749258690,0.55670000,308.10000000,0.5601
1749258690,0.55660000,1145.60000000,0.5601
1749258690,0.55640000,28273.80000000,0.5601
1749258690,0.55630000,215.10000000,0.5601
1749258690,0.55620000,2169.20000000,0.5601
1749258690,0.55610000,214.00000000,0.5601
1749258690,0.55600000,1273.30000000,0.5601
1749258690,0.55570000,63.40000000,0.5601
1749258690,0.55540000,603.40000000,0.5601
1749258690,0.55530000,468.80000000,0.5601
1749258690,0.55510000,894.50000000,0.5601
1749258690,0.55500000,9.60000000,0.5601
1749258690,0.55480000,23019.30000000,0.5601
1749258690,0.55450000,241.90000000,0.5601
1749258690,0.55440000,44.60000000,0.5601
1749258690,0.55420000,1248.80000000,0.5601
1749258690,0.55400000,22.00000000,0.5601
1749258690,0.55350000,44.60000000,0.5601
1749258690,0.55340000,605.50000000,0.5601
1749258690,0.55260000,44.60000000,0.5601
1749258690,0.55230000,912.80000000,0.5601
1749258690,0.55210000,17975.90000000,0.5601
1749258690,0.55200000,14363.20000000,0.5601
1749258690,0.55170000,3939.70000000,0.5601
1749258690,0.55120000,36.30000000,0.5601
1749258690,0.55080000,44.60000000,0.5601
1749258690,0.55000000,65.10000000,0.5601
1749258690,0.54950000,77.20000000,0.5601
1749258690,0.54930000,9.90000000,0.5601
1749258690,0.54800000,22.00000000,0.5601
1749258690,0.54790000,18079.90000000,0.5601
1749258690,0.54780000,5767.40000000,0.5601
1749258690,0.54700000,120.90000000,0.5601
1749258690,0.54650000,430.80000000,0.5601
1749258690,0.54600000,22.00000000,0.5601
1749258690,0.54550000,111.20000000,0.5601
1749258690,0.54500000,24.20000000,0.5601
1749258690,0.54420000,9.90000000,0.5601
1749258690,0.54410000,11.00000000,0.5601
1749258690,0.54400000,22.00000000,0.5601
1749258690,0.54390000,18.30000000,0.5601
1749258690,0.54360000,5734.20000000,0.5601
1749258690,0.54300000,55.20000000,0.5601
1749258690,0.54280000,77.20000000,0.5601
1749258690,0.54200000,22.00000000,0.5601
1749258690,0.54020000,30.30000000,0.5601
1749258690,0.54000000,131.60000000,0.5601
1749258690,0.53940000,2945.00000000,0.5601
1749258690,0.53910000,9.90000000,0.5601
1749258690,0.53900000,20.80000000,0.5601
1749258690,0.53800000,110.40000000,0.5601
1749258690,0.53780000,92.90000000,0.5601
1749258690,0.53650000,19.50000000,0.5601
1749258690,0.53620000,120.90000000,0.5601
1749258690,0.53610000,45.20000000,0.5601
1749258690,0.53600000,37.30000000,0.5601
1749258690,0.53500000,2483.80000000,0.5601
1749258690,0.53450000,37.30000000,0.5601
1749258690,0.53440000,93.50000000,0.5601
1749258690,0.53400000,31.90000000,0.5601
1749258690,0.53350000,66.90000000,0.5601
1749258690,0.53310000,100.00000000,0.5601
1749258690,0.53300000,18.70000000,0.5601
1749258690,0.53280000,16.80000000,0.5601
1749258690,0.53240000,11.20000000,0.5601
1749258977,0.56020000,417.00000000,0.5604
1749258977,0.56010000,1389.90000000,0.5604
1749258977,0.56000000,141.20000000,0.5604
1749258977,0.55990000,800.60000000,0.5604
1749258977,0.55980000,1033.50000000,0.5604
1749258977,0.55970000,2867.50000000,0.5604
1749258977,0.55960000,10355.70000000,0.5604
1749258977,0.55950000,4196.20000000,0.5604
1749258977,0.55940000,355.30000000,0.5604
1749258977,0.55930000,636.40000000,0.5604
1749258977,0.55920000,18103.50000000,0.5604
1749258977,0.55910000,7340.80000000,0.5604
1749258977,0.55900000,1086.40000000,0.5604
1749258977,0.55890000,4061.80000000,0.5604
1749258977,0.55880000,3355.40000000,0.5604
1749258977,0.55870000,7706.70000000,0.5604
1749258977,0.55860000,2475.40000000,0.5604
1749258977,0.55850000,2150.30000000,0.5604
1749258977,0.55840000,8303.00000000,0.5604
1749258977,0.55830000,355.60000000,0.5604
1749258977,0.55820000,141.20000000,0.5604
1749258977,0.55810000,355.60000000,0.5604
1749258977,0.55800000,12821.20000000,0.5604
1749258977,0.55790000,10531.00000000,0.5604
1749258977,0.55780000,1772.80000000,0.5604
1749258977,0.55770000,355.70000000,0.5604
1749258977,0.55760000,17816.10000000,0.5604
1749258977,0.55750000,565.40000000,0.5604
1749258977,0.55740000,1875.30000000,0.5604
1749258977,0.55730000,355.90000000,0.5604
1749258977,0.55720000,356.00000000,0.5604
1749258977,0.55710000,26866.10000000,0.5604
1749258977,0.55700000,356.00000000,0.5604
1749258977,0.55680000,523.50000000,0.5604
1749258977,0.55660000,1145.60000000,0.5604
1749258977,0.55640000,28273.80000000,0.5604
1749258977,0.55630000,356.30000000,0.5604
1749258977,0.55620000,2310.40000000,0.5604
1749258977,0.55610000,214.00000000,0.5604
1749258977,0.55600000,1273.30000000,0.5604
1749258977,0.55570000,63.40000000,0.5604
1749258977,0.55540000,603.40000000,0.5604
1749258977,0.55530000,468.80000000,0.5604
1749258977,0.55510000,894.50000000,0.5604
1749258977,0.55500000,9.60000000,0.5604
1749258977,0.55480000,23019.30000000,0.5604
1749258977,0.55450000,241.90000000,0.5604
1749258977,0.55440000,44.60000000,0.5604
1749258977,0.55420000,1248.80000000,0.5604
1749258977,0.55400000,22.00000000,0.5604
1749258977,0.55350000,44.60000000,0.5604
1749258977,0.55340000,605.50000000,0.5604
1749258977,0.55260000,44.60000000,0.5604
1749258977,0.55230000,912.80000000,0.5604
1749258977,0.55210000,17975.90000000,0.5604
1749258977,0.55200000,14363.20000000,0.5604
1749258977,0.55170000,3939.70000000,0.5604
1749258977,0.55120000,36.30000000,0.5604
1749258977,0.55080000,44.60000000,0.5604
1749258977,0.55000000,65.10000000,0.5604
1749258977,0.54950000,77.20000000,0.5604
1749258977,0.54930000,9.90000000,0.5604
1749258977,0.54800000,22.00000000,0.5604
1749258977,0.54790000,18079.90000000,0.5604
1749258977,0.54780000,5767.40000000,0.5604
1749258977,0.54700000,120.90000000,0.5604
1749258977,0.54650000,430.80000000,0.5604
1749258977,0.54600000,22.00000000,0.5604
1749258977,0.54550000,111.20000000,0.5604
1749258977,0.54500000,24.20000000,0.5604
1749258977,0.54420000,9.90000000,0.5604
1749258977,0.54410000,11.00000000,0.5604
1749258977,0.54400000,22.00000000,0.5604
1749258977,0.54390000,18.30000000,0.5604
1749258977,0.54360000,5734.20000000,0.5604
1749258977,0.54300000,55.20000000,0.5604
1749258977,0.54280000,77.20000000,0.5604
1749258977,0.54200000,22.00000000,0.5604
1749258977,0.54020000,30.30000000,0.5604
1749258977,0.54000000,131.60000000,0.5604
1749258977,0.53940000,2945.00000000,0.5604
1749258977,0.53910000,9.90000000,0.5604
1749258977,0.53900000,20.80000000,0.5604
1749258977,0.53800000,110.40000000,0.5604
1749258977,0.53780000,92.90000000,0.5604
1749258977,0.53650000,19.50000000,0.5604
1749258977,0.53620000,120.90000000,0.5604
1749258977,0.53610000,45.20000000,0.5604
1749258977,0.53600000,37.30000000,0.5604
1749258977,0.53500000,2483.80000000,0.5604
1749258977,0.53450000,37.30000000,0.5604
1749258977,0.53440000,93.50000000,0.5604
1749258977,0.53400000,31.90000000,0.5604
1749258977,0.53350000,66.90000000,0.5604
1749258977,0.53310000,100.00000000,0.5604
1749258977,0.53300000,18.70000000,0.5604
1749258977,0.53280000,16.80000000,0.5604
1749258977,0.53240000,11.20000000,0.5604
1749258977,0.53200000,32.50000000,0.5604
1749258977,0.53100000,2133.90000000,0.5604
1749258992,0.55990000,892.20000000,0.5602
1749258992,0.55980000,141.20000000,0.5602
1749258992,0.55970000,3390.10000000,0.5602
1749258992,0.55960000,16505.20000000,0.5602
1749258992,0.55950000,1602.80000000,0.5602
1749258992,0.55940000,3592.30000000,0.5602
1749258992,0.55930000,1072.90000000,0.5602
1749258992,0.55920000,13184.40000000,0.5602
1749258992,0.55910000,355.10000000,0.5602
1749258992,0.55900000,409.90000000,0.5602
1749258992,0.55890000,623.80000000,0.5602
1749258992,0.55880000,3624.10000000,0.5602
1749258992,0.55870000,8231.70000000,0.5602
1749258992,0.55860000,2744.10000000,0.5602
1749258992,0.55850000,2990.30000000,0.5602
1749258992,0.55840000,7423.50000000,0.5602
1749258992,0.55830000,4641.60000000,0.5602
1749258992,0.55820000,141.20000000,0.5602
1749258992,0.55810000,355.60000000,0.5602
1749258992,0.55800000,12953.50000000,0.5602
1749258992,0.55790000,10531.00000000,0.5602
1749258992,0.55780000,1772.80000000,0.5602
1749258992,0.55770000,3176.80000000,0.5602
1749258992,0.55760000,17462.60000000,0.5602
1749258992,0.55750000,565.40000000,0.5602
1749258992,0.55740000,1875.30000000,0.5602
1749258992,0.55730000,355.90000000,0.5602
1749258992,0.55720000,709.50000000,0.5602
1749258992,0.55710000,26866.10000000,0.5602
1749258992,0.55700000,356.00000000,0.5602
1749258992,0.55680000,523.50000000,0.5602
1749258992,0.55660000,1145.60000000,0.5602
1749258992,0.55640000,28273.80000000,0.5602
1749258992,0.55630000,356.30000000,0.5602
1749258992,0.55620000,2310.40000000,0.5602
1749258992,0.55610000,355.20000000,0.5602
1749258992,0.55600000,1414.50000000,0.5602
1749258992,0.55570000,63.40000000,0.5602
1749258992,0.55540000,744.60000000,0.5602
1749258992,0.55530000,468.80000000,0.5602
1749258992,0.55510000,894.50000000,0.5602
1749258992,0.55500000,9.60000000,0.5602
1749258992,0.55480000,23019.30000000,0.5602
1749258992,0.55450000,241.90000000,0.5602
1749258992,0.55440000,44.60000000,0.5602
1749258992,0.55420000,1248.80000000,0.5602
1749258992,0.55400000,22.00000000,0.5602
1749258992,0.55350000,44.60000000,0.5602
1749258992,0.55340000,605.50000000,0.5602
1749258992,0.55260000,44.60000000,0.5602
1749258992,0.55230000,912.80000000,0.5602
1749258992,0.55210000,17975.90000000,0.5602
1749258992,0.55200000,14363.20000000,0.5602
1749258992,0.55170000,3939.70000000,0.5602
1749258992,0.55120000,36.30000000,0.5602
1749258992,0.55080000,44.60000000,0.5602
1749258992,0.55000000,65.10000000,0.5602
1749258992,0.54950000,77.20000000,0.5602
1749258992,0.54930000,9.90000000,0.5602
1749258992,0.54800000,22.00000000,0.5602
1749258992,0.54790000,18079.90000000,0.5602
1749258992,0.54780000,5767.40000000,0.5602
1749258992,0.54700000,120.90000000,0.5602
1749258992,0.54650000,430.80000000,0.5602
1749258992,0.54600000,22.00000000,0.5602
1749258992,0.54550000,111.20000000,0.5602
1749258992,0.54500000,24.20000000,0.5602
1749258992,0.54420000,9.90000000,0.5602
1749258992,0.54410000,11.00000000,0.5602
1749258992,0.54400000,22.00000000,0.5602
1749258992,0.54390000,18.30000000,0.5602
1749258992,0.54360000,5734.20000000,0.5602
1749258992,0.54300000,55.20000000,0.5602
1749258992,0.54280000,77.20000000,0.5602
1749258992,0.54200000,22.00000000,0.5602
1749258992,0.54020000,30.30000000,0.5602
1749258992,0.54000000,131.60000000,0.5602
1749258992,0.53940000,2945.00000000,0.5602
1749258992,0.53910000,9.90000000,0.5602
1749258992,0.53900000,20.80000000,0.5602
1749258992,0.53800000,110.40000000,0.5602
1749258992,0.53780000,92.90000000,0.5602
1749258992,0.53650000,19.50000000,0.5602
1749258992,0.53620000,120.90000000,0.5602
1749258992,0.53610000,45.20000000,0.5602
1749258992,0.53600000,37.30000000,0.5602
1749258992,0.53500000,2483.80000000,0.5602
1749258992,0.53450000,37.30000000,0.5602
1749258992,0.53440000,93.50000000,0.5602
1749258992,0.53400000,31.90000000,0.5602
1749258992,0.53350000,66.90000000,0.5602
1749258992,0.53310000,100.00000000,0.5602
1749258992,0.53300000,18.70000000,0.5602
1749258992,0.53280000,16.80000000,0.5602
1749258992,0.53240000,11.20000000,0.5602
1749258992,0.53200000,32.50000000,0.5602
1749258992,0.53100000,2133.90000000,0.5602
1749258992,0.53080000,26.60000000,0.5602
1749258992,0.53070000,95.60000000,0.5602
1749258992,0.53030000,63.80000000,0.5602
