timestamp,price,volume,current_price
1749260719,47.68000000,4.50000000,47.67
1749260719,47.67000000,3.03500000,47.67
1749260719,47.66000000,5.33200000,47.67
1749260719,47.65000000,22.61300000,47.67
1749260719,47.64000000,4.50000000,47.67
1749260719,47.63000000,13.15000000,47.67
1749260719,47.62000000,4.50000000,47.67
1749260719,47.61000000,27.47000000,47.67
1749260719,47.60000000,57.55900000,47.67
1749260719,47.59000000,13.37300000,47.67
1749260719,47.58000000,31.23200000,47.67
1749260719,47.57000000,15.56100000,47.67
1749260719,47.56000000,4.50000000,47.67
1749260719,47.55000000,11.92000000,47.67
1749260719,47.54000000,14.61500000,47.67
1749260719,47.53000000,16.12100000,47.67
1749260719,47.52000000,30.68700000,47.67
1749260719,47.51000000,28.13300000,47.67
1749260719,47.50000000,25.29000000,47.67
1749260719,47.49000000,6.24700000,47.67
1749260719,47.48000000,14.75800000,47.67
1749260719,47.47000000,8.73400000,47.67
1749260719,47.46000000,6.70800000,47.67
1749260719,47.45000000,14.61500000,47.67
1749260719,47.44000000,4.50000000,47.67
1749260719,47.43000000,7.53500000,47.67
1749260719,47.42000000,14.61500000,47.67
1749260719,47.40000000,4.50000000,47.67
1749260719,47.39000000,7.53500000,47.67
1749260719,47.38000000,14.61500000,47.67
1749260719,47.37000000,0.26200000,47.67
1749260719,47.36000000,4.50000000,47.67
1749260719,47.35000000,17.65000000,47.67
1749260719,47.34000000,17.48300000,47.67
1749260719,47.33000000,5.03900000,47.67
1749260719,47.32000000,24.61500000,47.67
1749260719,47.31000000,36.76500000,47.67
1749260719,47.30000000,4.50000000,47.67
1749260719,47.29000000,15.94200000,47.67
1749260719,47.27000000,7.53500000,47.67
1749260719,47.24000000,26.23900000,47.67
1749260719,47.23000000,17.65000000,47.67
1749260719,47.19000000,7.53500000,47.67
1749260719,47.17000000,17.34300000,47.67
1749260719,47.16000000,1.37300000,47.67
1749260719,47.15000000,1.65600000,47.67
1749260719,47.14000000,0.30000000,47.67
1749260719,47.13000000,0.26300000,47.67
1749260719,47.11000000,3.32800000,47.67
1749260719,47.08000000,0.47600000,47.67
1749260719,47.05000000,0.28800000,47.67
1749260719,47.03000000,4.24500000,47.67
1749260719,47.02000000,0.51100000,47.67
1749260719,47.00000000,1.95400000,47.67
1749260719,46.95000000,3.03500000,47.67
1749260719,46.89000000,1.34300000,47.67
1749260719,46.88000000,56.58300000,47.67
1749260719,46.85000000,13.11900000,47.67
1749260719,46.83000000,13.12400000,47.67
1749260719,46.80000000,13.84600000,47.67
1749260719,46.73000000,0.25000000,47.67
1749260719,46.68000000,0.26500000,47.67
1749260719,46.66000000,0.53900000,47.67
1749260719,46.65000000,0.26600000,47.67
1749260719,46.61000000,3.00000000,47.67
1749260719,46.60000000,1.64900000,47.67
1749260719,46.59000000,1.22200000,47.67
1749260719,46.54000000,0.30000000,47.67
1749260719,46.51000000,1.26900000,47.67
1749260719,46.50000000,12.20600000,47.67
1749260719,46.48000000,0.35800000,47.67
1749260719,46.46000000,0.74400000,47.67
1749260719,46.42000000,14.34700000,47.67
1749260719,46.41000000,0.26700000,47.67
1749260719,46.40000000,0.48000000,47.67
1749260719,46.38000000,0.12900000,47.67
1749260719,46.30000000,0.25000000,47.67
1749260719,46.24000000,5.50000000,47.67
1749260719,46.22000000,0.26700000,47.67
1749260719,46.20000000,1.38200000,47.67
1749260719,46.18000000,0.26800000,47.67
1749260719,46.16000000,1.23300000,47.67
1749260719,46.13000000,2.51900000,47.67
1749260719,46.10000000,2.07600000,47.67
1749260719,46.09000000,1.72200000,47.67
1749260719,46.08000000,56.38900000,47.67
1749260719,46.04000000,0.39000000,47.67
1749260719,46.01000000,4.01900000,47.67
1749260719,46.00000000,118.65000000,47.67
1749260719,45.95000000,0.27000000,47.67
1749260719,45.94000000,0.30000000,47.67
1749260719,45.92000000,1.32700000,47.67
1749260719,45.89000000,0.48600000,47.67
1749260719,45.88000000,6.78800000,47.67
1749260719,45.84000000,7.84100000,47.67
1749260719,45.78000000,0.75500000,47.67
1749260719,45.76000000,0.48900000,47.67
1749260719,45.75000000,21.18900000,47.67
1749260719,45.73000000,1.91100000,47.67
1749260719,45.71000000,0.27100000,47.67
1749261039,47.67000000,0.94500000,47.67
1749261039,47.66000000,8.93000000,47.67
1749261039,47.65000000,14.76600000,47.67
1749261039,47.64000000,4.50000000,47.67
1749261039,47.63000000,26.99700000,47.67
1749261039,47.62000000,18.63500000,47.67
1749261039,47.61000000,66.07700000,47.67
1749261039,47.60000000,35.90800000,47.67
1749261039,47.59000000,7.53500000,47.67
1749261039,47.58000000,15.35200000,47.67
1749261039,47.57000000,49.58400000,47.67
1749261039,47.56000000,57.49700000,47.67
1749261039,47.55000000,18.25400000,47.67
1749261039,47.54000000,14.61500000,47.67
1749261039,47.52000000,24.29300000,47.67
1749261039,47.51000000,28.13400000,47.67
1749261039,47.50000000,16.44200000,47.67
1749261039,47.49000000,19.18900000,47.67
1749261039,47.48000000,24.14200000,47.67
1749261039,47.47000000,8.73400000,47.67
1749261039,47.46000000,6.24400000,47.67
1749261039,47.45000000,14.61500000,47.67
1749261039,47.44000000,4.50000000,47.67
1749261039,47.43000000,9.28000000,47.67
1749261039,47.42000000,14.61500000,47.67
1749261039,47.40000000,4.69100000,47.67
1749261039,47.39000000,7.53500000,47.67
1749261039,47.38000000,14.61500000,47.67
1749261039,47.37000000,0.26200000,47.67
1749261039,47.36000000,4.50000000,47.67
1749261039,47.35000000,17.65000000,47.67
1749261039,47.34000000,4.50000000,47.67
1749261039,47.33000000,15.03900000,47.67
1749261039,47.32000000,43.47800000,47.67
1749261039,47.31000000,7.53500000,47.67
1749261039,47.29000000,15.94200000,47.67
1749261039,47.27000000,7.53500000,47.67
1749261039,47.24000000,30.73900000,47.67
1749261039,47.23000000,17.65000000,47.67
1749261039,47.19000000,7.53500000,47.67
1749261039,47.17000000,14.61500000,47.67
1749261039,47.16000000,1.37300000,47.67
1749261039,47.15000000,1.65600000,47.67
1749261039,47.14000000,0.30000000,47.67
1749261039,47.13000000,0.26300000,47.67
1749261039,47.11000000,3.32800000,47.67
1749261039,47.10000000,2.73200000,47.67
1749261039,47.08000000,0.47600000,47.67
1749261039,47.05000000,0.28800000,47.67
1749261039,47.03000000,4.24500000,47.67
1749261039,47.02000000,0.51100000,47.67
1749261039,47.00000000,1.95400000,47.67
1749261039,46.95000000,3.03500000,47.67
1749261039,46.94000000,13.09400000,47.67
1749261039,46.93000000,13.09600000,47.67
1749261039,46.89000000,1.34300000,47.67
1749261039,46.88000000,56.58300000,47.67
1749261039,46.80000000,13.84600000,47.67
1749261039,46.73000000,0.25000000,47.67
1749261039,46.68000000,0.26500000,47.67
1749261039,46.66000000,0.53900000,47.67
1749261039,46.65000000,0.26600000,47.67
1749261039,46.61000000,3.00000000,47.67
1749261039,46.60000000,1.64900000,47.67
1749261039,46.59000000,1.22200000,47.67
1749261039,46.54000000,0.30000000,47.67
1749261039,46.51000000,1.26900000,47.67
1749261039,46.50000000,12.20600000,47.67
1749261039,46.48000000,0.35800000,47.67
1749261039,46.46000000,0.74400000,47.67
1749261039,46.42000000,14.34700000,47.67
1749261039,46.41000000,0.26700000,47.67
1749261039,46.40000000,0.48000000,47.67
1749261039,46.38000000,0.12900000,47.67
1749261039,46.30000000,0.25000000,47.67
1749261039,46.24000000,5.50000000,47.67
1749261039,46.22000000,0.26700000,47.67
1749261039,46.20000000,1.38200000,47.67
1749261039,46.18000000,0.26800000,47.67
1749261039,46.16000000,1.23300000,47.67
1749261039,46.13000000,2.51900000,47.67
1749261039,46.10000000,2.07600000,47.67
1749261039,46.09000000,6.79100000,47.67
1749261039,46.08000000,56.38900000,47.67
1749261039,46.04000000,0.39000000,47.67
1749261039,46.00000000,118.65000000,47.67
1749261039,45.95000000,0.27000000,47.67
1749261039,45.94000000,0.30000000,47.67
1749261039,45.92000000,1.32700000,47.67
1749261039,45.89000000,0.48600000,47.67
1749261039,45.88000000,6.78800000,47.67
1749261039,45.84000000,7.84100000,47.67
1749261039,45.78000000,0.75500000,47.67
1749261039,45.76000000,0.48900000,47.67
1749261039,45.75000000,21.18900000,47.67
1749261039,45.73000000,1.91100000,47.67
1749261039,45.71000000,0.27100000,47.67
1749261039,45.67000000,0.20500000,47.67
1749261039,45.64000000,21.91000000,47.67
1749261039,45.57000000,14.00200000,47.67
1749261344,47.64000000,4.50000000,47.68
1749261344,47.63000000,5.24000000,47.68
1749261344,47.62000000,16.51600000,47.68
1749261344,47.61000000,47.03700000,47.68
1749261344,47.60000000,29.67100000,47.68
1749261344,47.59000000,63.24600000,47.68
1749261344,47.58000000,56.21900000,47.68
1749261344,47.57000000,36.48100000,47.68
1749261344,47.56000000,47.15200000,47.68
1749261344,47.55000000,32.27200000,47.68
1749261344,47.54000000,37.49100000,47.68
1749261344,47.53000000,5.19600000,47.68
1749261344,47.52000000,54.89300000,47.68
1749261344,47.51000000,17.65000000,47.68
1749261344,47.50000000,17.37100000,47.68
1749261344,47.49000000,30.50200000,47.68
1749261344,47.48000000,14.61500000,47.68
1749261344,47.47000000,19.22700000,47.68
1749261344,47.46000000,16.74400000,47.68
1749261344,47.45000000,14.61500000,47.68
1749261344,47.44000000,4.50000000,47.68
1749261344,47.43000000,9.28100000,47.68
1749261344,47.42000000,14.61500000,47.68
1749261344,47.40000000,6.43900000,47.68
1749261344,47.39000000,7.53500000,47.68
1749261344,47.38000000,65.00800000,47.68
1749261344,47.37000000,13.23700000,47.68
1749261344,47.36000000,4.50000000,47.68
1749261344,47.35000000,17.65000000,47.68
1749261344,47.34000000,4.50000000,47.68
1749261344,47.33000000,5.03900000,47.68
1749261344,47.32000000,43.47800000,47.68
1749261344,47.31000000,7.53500000,47.68
1749261344,47.29000000,25.94200000,47.68
1749261344,47.27000000,7.53500000,47.68
1749261344,47.24000000,30.73900000,47.68
1749261344,47.23000000,17.65000000,47.68
1749261344,47.19000000,7.53500000,47.68
1749261344,47.17000000,14.61500000,47.68
1749261344,47.16000000,1.37300000,47.68
1749261344,47.15000000,6.15600000,47.68
1749261344,47.14000000,0.30000000,47.68
1749261344,47.13000000,0.26300000,47.68
1749261344,47.11000000,3.32800000,47.68
1749261344,47.08000000,0.47600000,47.68
1749261344,47.05000000,0.28800000,47.68
1749261344,47.03000000,4.24500000,47.68
1749261344,47.02000000,0.51100000,47.68
1749261344,47.00000000,1.95400000,47.68
1749261344,46.95000000,3.03500000,47.68
1749261344,46.94000000,13.09400000,47.68
1749261344,46.93000000,13.09600000,47.68
1749261344,46.89000000,0.46900000,47.68
1749261344,46.88000000,56.58300000,47.68
1749261344,46.80000000,14.85000000,47.68
1749261344,46.73000000,0.25000000,47.68
1749261344,46.68000000,0.26500000,47.68
1749261344,46.66000000,0.53900000,47.68
1749261344,46.65000000,0.26600000,47.68
1749261344,46.61000000,3.00000000,47.68
1749261344,46.60000000,1.64900000,47.68
1749261344,46.59000000,1.22200000,47.68
1749261344,46.54000000,0.30000000,47.68
1749261344,46.50000000,13.34600000,47.68
1749261344,46.48000000,0.35800000,47.68
1749261344,46.46000000,0.74400000,47.68
1749261344,46.42000000,14.34700000,47.68
1749261344,46.41000000,0.26700000,47.68
1749261344,46.40000000,0.48000000,47.68
1749261344,46.38000000,0.12900000,47.68
1749261344,46.30000000,0.25000000,47.68
1749261344,46.24000000,5.50000000,47.68
1749261344,46.22000000,0.26700000,47.68
1749261344,46.20000000,1.38200000,47.68
1749261344,46.18000000,0.26800000,47.68
1749261344,46.16000000,1.23300000,47.68
1749261344,46.13000000,2.51900000,47.68
1749261344,46.10000000,2.07600000,47.68
1749261344,46.09000000,6.79100000,47.68
1749261344,46.08000000,56.38900000,47.68
1749261344,46.04000000,0.39000000,47.68
1749261344,46.00000000,118.65000000,47.68
1749261344,45.95000000,0.27000000,47.68
1749261344,45.94000000,0.30000000,47.68
1749261344,45.92000000,1.32700000,47.68
1749261344,45.89000000,0.48600000,47.68
1749261344,45.88000000,6.78800000,47.68
1749261344,45.84000000,7.84100000,47.68
1749261344,45.78000000,0.75500000,47.68
1749261344,45.76000000,0.48900000,47.68
1749261344,45.75000000,21.18900000,47.68
1749261344,45.73000000,1.91100000,47.68
1749261344,45.71000000,0.27100000,47.68
1749261344,45.67000000,0.20500000,47.68
1749261344,45.64000000,21.91000000,47.68
1749261344,45.57000000,14.00200000,47.68
1749261344,45.56000000,2.19400000,47.68
1749261344,45.50000000,91.50500000,47.68
1749261344,45.48000000,0.27200000,47.68
1749261344,45.47000000,0.25000000,47.68
1749261646,47.58000000,8.81100000,47.61
1749261646,47.57000000,29.11000000,47.61
1749261646,47.56000000,21.14400000,47.61
1749261646,47.55000000,58.30000000,47.61
1749261646,47.54000000,59.69600000,47.61
1749261646,47.53000000,40.45900000,47.61
1749261646,47.52000000,29.42400000,47.61
1749261646,47.51000000,18.66000000,47.61
1749261646,47.50000000,5.95400000,47.61
1749261646,47.49000000,8.88500000,47.61
1749261646,47.48000000,14.61500000,47.61
1749261646,47.47000000,14.24400000,47.61
1749261646,47.46000000,16.18000000,47.61
1749261646,47.45000000,71.35500000,47.61
1749261646,47.44000000,4.50000000,47.61
1749261646,47.43000000,27.50700000,47.61
1749261646,47.42000000,25.12200000,47.61
1749261646,47.41000000,4.50000000,47.61
1749261646,47.40000000,6.24800000,47.61
1749261646,47.39000000,7.53500000,47.61
1749261646,47.38000000,65.00800000,47.61
1749261646,47.37000000,14.98600000,47.61
1749261646,47.36000000,4.50000000,47.61
1749261646,47.35000000,17.84600000,47.61
1749261646,47.34000000,6.25000000,47.61
1749261646,47.33000000,5.98200000,47.61
1749261646,47.32000000,14.61500000,47.61
1749261646,47.31000000,7.53500000,47.61
1749261646,47.29000000,15.94200000,47.61
1749261646,47.27000000,7.53500000,47.61
1749261646,47.25000000,4.50000000,47.61
1749261646,47.24000000,42.96400000,47.61
1749261646,47.23000000,17.65000000,47.61
1749261646,47.22000000,4.50000000,47.61
1749261646,47.19000000,7.53500000,47.61
1749261646,47.17000000,14.61500000,47.61
1749261646,47.16000000,1.37300000,47.61
1749261646,47.15000000,32.44500000,47.61
1749261646,47.14000000,0.30000000,47.61
1749261646,47.13000000,0.26300000,47.61
1749261646,47.11000000,7.82800000,47.61
1749261646,47.08000000,0.47600000,47.61
1749261646,47.07000000,4.50000000,47.61
1749261646,47.05000000,0.28800000,47.61
1749261646,47.03000000,4.24500000,47.61
1749261646,47.02000000,0.51100000,47.61
1749261646,47.00000000,1.95400000,47.61
1749261646,46.95000000,3.03500000,47.61
1749261646,46.94000000,13.09400000,47.61
1749261646,46.93000000,13.09600000,47.61
1749261646,46.89000000,0.46900000,47.61
1749261646,46.88000000,56.58300000,47.61
1749261646,46.86000000,38.70000000,47.61
1749261646,46.80000000,14.72200000,47.61
1749261646,46.73000000,0.25000000,47.61
1749261646,46.68000000,0.26500000,47.61
1749261646,46.66000000,0.53900000,47.61
1749261646,46.65000000,0.26600000,47.61
1749261646,46.61000000,3.00000000,47.61
1749261646,46.60000000,1.64900000,47.61
1749261646,46.59000000,1.22200000,47.61
1749261646,46.54000000,0.30000000,47.61
1749261646,46.50000000,13.47500000,47.61
1749261646,46.48000000,0.35800000,47.61
1749261646,46.46000000,0.74400000,47.61
1749261646,46.42000000,14.34700000,47.61
1749261646,46.41000000,0.26700000,47.61
1749261646,46.40000000,0.48000000,47.61
1749261646,46.38000000,0.12900000,47.61
1749261646,46.30000000,0.25000000,47.61
1749261646,46.24000000,5.50000000,47.61
1749261646,46.22000000,0.26700000,47.61
1749261646,46.20000000,1.38200000,47.61
1749261646,46.18000000,0.26800000,47.61
1749261646,46.16000000,1.23300000,47.61
1749261646,46.13000000,2.51900000,47.61
1749261646,46.10000000,2.07600000,47.61
1749261646,46.09000000,6.79100000,47.61
1749261646,46.04000000,0.39000000,47.61
1749261646,46.02000000,56.12000000,47.61
1749261646,46.00000000,118.65000000,47.61
1749261646,45.95000000,0.27000000,47.61
1749261646,45.94000000,0.30000000,47.61
1749261646,45.92000000,1.32700000,47.61
1749261646,45.89000000,0.48600000,47.61
1749261646,45.88000000,6.78800000,47.61
1749261646,45.84000000,7.84100000,47.61
1749261646,45.78000000,0.75500000,47.61
1749261646,45.76000000,0.48900000,47.61
1749261646,45.75000000,21.18900000,47.61
1749261646,45.73000000,1.91100000,47.61
1749261646,45.71000000,0.27100000,47.61
1749261646,45.67000000,0.20500000,47.61
1749261646,45.64000000,21.91000000,47.61
1749261646,45.57000000,14.00200000,47.61
1749261646,45.56000000,2.19400000,47.61
1749261646,45.50000000,91.50500000,47.61
1749261646,45.48000000,0.27200000,47.61
1749261646,45.47000000,0.25000000,47.61
1749261646,45.45000000,71.84000000,47.61
1749261952,47.49000000,4.50000000,47.51
1749261952,47.48000000,13.24400000,47.51
1749261952,47.47000000,36.62200000,47.51
1749261952,47.46000000,34.87500000,47.51
1749261952,47.45000000,45.33300000,47.51
1749261952,47.44000000,44.74400000,47.51
1749261952,47.43000000,34.62600000,47.51
1749261952,47.42000000,14.61500000,47.51
1749261952,47.41000000,1.01200000,47.51
1749261952,47.40000000,4.50000000,47.51
1749261952,47.39000000,26.37600000,47.51
1749261952,47.38000000,69.88400000,47.51
1749261952,47.37000000,16.25200000,47.51
1749261952,47.36000000,4.50000000,47.51
1749261952,47.35000000,23.84900000,47.51
1749261952,47.34000000,4.50000000,47.51
1749261952,47.33000000,5.03900000,47.51
1749261952,47.32000000,34.57200000,47.51
1749261952,47.31000000,68.45600000,47.51
1749261952,47.29000000,15.94200000,47.51
1749261952,47.28000000,6.25100000,47.51
1749261952,47.27000000,7.74300000,47.51
1749261952,47.25000000,6.25400000,47.51
1749261952,47.24000000,17.51000000,47.51
1749261952,47.23000000,17.65000000,47.51
1749261952,47.22000000,1.75400000,47.51
1749261952,47.20000000,4.50000000,47.51
1749261952,47.19000000,7.53500000,47.51
1749261952,47.18000000,4.50000000,47.51
1749261952,47.17000000,14.61500000,47.51
1749261952,47.16000000,34.42800000,47.51
1749261952,47.15000000,32.44500000,47.51
1749261952,47.14000000,14.80000000,47.51
1749261952,47.13000000,0.26300000,47.51
1749261952,47.11000000,17.94300000,47.51
1749261952,47.08000000,0.47600000,47.51
1749261952,47.05000000,14.90300000,47.51
1749261952,47.03000000,8.74500000,47.51
1749261952,47.02000000,0.51100000,47.51
1749261952,47.01000000,4.50000000,47.51
1749261952,47.00000000,6.45400000,47.51
1749261952,46.99000000,14.61500000,47.51
1749261952,46.96000000,2.74000000,47.51
1749261952,46.95000000,3.03500000,47.51
1749261952,46.89000000,0.46900000,47.51
1749261952,46.88000000,3.03500000,47.51
1749261952,46.86000000,38.70000000,47.51
1749261952,46.83000000,13.12400000,47.51
1749261952,46.80000000,13.84600000,47.51
1749261952,46.78000000,13.13800000,47.51
1749261952,46.73000000,0.25000000,47.51
1749261952,46.71000000,53.06900000,47.51
1749261952,46.68000000,0.26500000,47.51
1749261952,46.66000000,0.53900000,47.51
1749261952,46.65000000,0.26600000,47.51
1749261952,46.61000000,3.00000000,47.51
1749261952,46.60000000,1.64900000,47.51
1749261952,46.59000000,1.22200000,47.51
1749261952,46.54000000,0.30000000,47.51
1749261952,46.50000000,12.20600000,47.51
1749261952,46.48000000,0.35800000,47.51
1749261952,46.46000000,0.74400000,47.51
1749261952,46.42000000,14.34700000,47.51
1749261952,46.41000000,0.26700000,47.51
1749261952,46.40000000,0.48000000,47.51
1749261952,46.38000000,0.12900000,47.51
1749261952,46.30000000,0.25000000,47.51
1749261952,46.25000000,1.16800000,47.51
1749261952,46.24000000,5.50000000,47.51
1749261952,46.22000000,0.26700000,47.51
1749261952,46.20000000,1.38200000,47.51
1749261952,46.18000000,0.26800000,47.51
1749261952,46.16000000,1.23300000,47.51
1749261952,46.13000000,2.51900000,47.51
1749261952,46.10000000,2.07600000,47.51
1749261952,46.04000000,0.39000000,47.51
1749261952,46.03000000,5.75400000,47.51
1749261952,46.02000000,56.12000000,47.51
1749261952,46.00000000,118.65000000,47.51
1749261952,45.95000000,0.27000000,47.51
1749261952,45.94000000,0.30000000,47.51
1749261952,45.92000000,1.32700000,47.51
1749261952,45.89000000,0.48600000,47.51
1749261952,45.88000000,6.78800000,47.51
1749261952,45.84000000,7.84100000,47.51
1749261952,45.78000000,0.75500000,47.51
1749261952,45.76000000,0.48900000,47.51
1749261952,45.75000000,21.18900000,47.51
1749261952,45.73000000,1.91100000,47.51
1749261952,45.71000000,0.27100000,47.51
1749261952,45.67000000,0.20500000,47.51
1749261952,45.64000000,21.91000000,47.51
1749261952,45.57000000,14.00200000,47.51
1749261952,45.56000000,2.19400000,47.51
1749261952,45.50000000,91.50500000,47.51
1749261952,45.48000000,0.27200000,47.51
1749261952,45.47000000,0.25000000,47.51
1749261952,45.45000000,71.84000000,47.51
1749261952,45.36000000,0.41400000,47.51
1749261952,45.35000000,31.15000000,47.51
1749262254,47.55000000,4.50000000,47.57
1749262254,47.54000000,8.70600000,47.57
1749262254,47.53000000,10.11500000,47.57
1749262254,47.52000000,4.50000000,47.57
1749262254,47.51000000,17.41000000,47.57
1749262254,47.50000000,32.15300000,47.57
1749262254,47.49000000,15.36200000,47.57
1749262254,47.48000000,37.36300000,47.57
1749262254,47.47000000,36.19900000,47.57
1749262254,47.46000000,23.57700000,47.57
1749262254,47.45000000,87.76000000,47.57
1749262254,47.44000000,42.37300000,47.57
1749262254,47.43000000,19.06800000,47.57
1749262254,47.42000000,30.92300000,47.57
1749262254,47.41000000,21.07600000,47.57
1749262254,47.40000000,15.01200000,47.57
1749262254,47.39000000,18.04800000,47.57
1749262254,47.38000000,84.99800000,47.57
1749262254,47.37000000,6.51400000,47.57
1749262254,47.36000000,4.50000000,47.57
1749262254,47.35000000,17.65000000,47.57
1749262254,47.34000000,6.25300000,47.57
1749262254,47.33000000,5.03900000,47.57
1749262254,47.32000000,14.61500000,47.57
1749262254,47.31000000,59.68200000,47.57
1749262254,47.30000000,4.50000000,47.57
1749262254,47.29000000,15.94200000,47.57
1749262254,47.28000000,4.50000000,47.57
1749262254,47.27000000,7.74500000,47.57
1749262254,47.26000000,14.61500000,47.57
1749262254,47.25000000,4.50000000,47.57
1749262254,47.24000000,17.51000000,47.57
1749262254,47.23000000,17.65000000,47.57
1749262254,47.20000000,14.50000000,47.57
1749262254,47.19000000,7.53500000,47.57
1749262254,47.18000000,4.50000000,47.57
1749262254,47.17000000,14.61500000,47.57
1749262254,47.16000000,5.87300000,47.57
1749262254,47.15000000,32.44500000,47.57
1749262254,47.14000000,34.05700000,47.57
1749262254,47.13000000,0.26300000,47.57
1749262254,47.11000000,17.94300000,47.57
1749262254,47.08000000,0.47600000,47.57
1749262254,47.07000000,3.03500000,47.57
1749262254,47.05000000,10.40300000,47.57
1749262254,47.03000000,4.24500000,47.57
1749262254,47.02000000,0.51100000,47.57
1749262254,47.00000000,1.95400000,47.57
1749262254,46.99000000,10.11500000,47.57
1749262254,46.95000000,3.03500000,47.57
1749262254,46.93000000,10.11500000,47.57
1749262254,46.89000000,0.46900000,47.57
1749262254,46.88000000,3.03500000,47.57
1749262254,46.87000000,10.11500000,47.57
1749262254,46.86000000,38.70000000,47.57
1749262254,46.84000000,13.12200000,47.57
1749262254,46.80000000,13.84600000,47.57
1749262254,46.73000000,1.27700000,47.57
1749262254,46.72000000,13.15500000,47.57
1749262254,46.71000000,52.08400000,47.57
1749262254,46.68000000,0.26500000,47.57
1749262254,46.66000000,0.53900000,47.57
1749262254,46.65000000,0.26600000,47.57
1749262254,46.61000000,3.00000000,47.57
1749262254,46.60000000,1.64900000,47.57
1749262254,46.59000000,1.22200000,47.57
1749262254,46.54000000,0.30000000,47.57
1749262254,46.50000000,12.20600000,47.57
1749262254,46.48000000,0.35800000,47.57
1749262254,46.46000000,0.74400000,47.57
1749262254,46.42000000,14.34700000,47.57
1749262254,46.41000000,0.26700000,47.57
1749262254,46.40000000,0.48000000,47.57
1749262254,46.38000000,0.12900000,47.57
1749262254,46.30000000,0.25000000,47.57
1749262254,46.25000000,1.12400000,47.57
1749262254,46.24000000,5.50000000,47.57
1749262254,46.22000000,0.26700000,47.57
1749262254,46.20000000,1.38200000,47.57
1749262254,46.18000000,0.26800000,47.57
1749262254,46.16000000,1.23300000,47.57
1749262254,46.13000000,2.51900000,47.57
1749262254,46.10000000,2.07600000,47.57
1749262254,46.04000000,0.39000000,47.57
1749262254,46.03000000,4.03200000,47.57
1749262254,46.02000000,56.12000000,47.57
1749262254,46.01000000,1.72200000,47.57
1749262254,46.00000000,118.65000000,47.57
1749262254,45.95000000,0.27000000,47.57
1749262254,45.94000000,0.30000000,47.57
1749262254,45.92000000,1.32700000,47.57
1749262254,45.89000000,0.48600000,47.57
1749262254,45.88000000,6.78800000,47.57
1749262254,45.84000000,7.84100000,47.57
1749262254,45.78000000,0.75500000,47.57
1749262254,45.76000000,0.48900000,47.57
1749262254,45.75000000,21.18900000,47.57
1749262254,45.73000000,1.91100000,47.57
1749262254,45.71000000,0.27100000,47.57
1749262254,45.67000000,0.20500000,47.57
1749262556,47.58000000,6.18500000,47.6
1749262556,47.57000000,7.78500000,47.6
1749262556,47.56000000,14.61500000,47.6
1749262556,47.55000000,10.83100000,47.6
1749262556,47.54000000,25.98500000,47.6
1749262556,47.53000000,20.83700000,47.6
1749262556,47.52000000,34.69100000,47.6
1749262556,47.51000000,30.03000000,47.6
1749262556,47.50000000,18.78100000,47.6
1749262556,47.49000000,33.86900000,47.6
1749262556,47.48000000,42.64800000,47.6
1749262556,47.47000000,46.33700000,47.6
1749262556,47.46000000,4.50000000,47.6
1749262556,47.45000000,61.07800000,47.6
1749262556,47.44000000,14.61500000,47.6
1749262556,47.43000000,7.53500000,47.6
1749262556,47.42000000,15.00300000,47.6
1749262556,47.41000000,33.88400000,47.6
1749262556,47.40000000,4.50000000,47.6
1749262556,47.39000000,7.53500000,47.6
1749262556,47.38000000,65.00800000,47.6
1749262556,47.37000000,6.51400000,47.6
1749262556,47.36000000,4.50000000,47.6
1749262556,47.35000000,17.85500000,47.6
1749262556,47.34000000,19.23600000,47.6
1749262556,47.33000000,5.03900000,47.6
1749262556,47.32000000,14.61500000,47.6
1749262556,47.31000000,9.28500000,47.6
1749262556,47.30000000,4.50000000,47.6
1749262556,47.29000000,15.94200000,47.6
1749262556,47.28000000,4.50000000,47.6
1749262556,47.27000000,7.53500000,47.6
1749262556,47.26000000,14.61500000,47.6
1749262556,47.24000000,14.50000000,47.6
1749262556,47.23000000,17.65000000,47.6
1749262556,47.22000000,28.63200000,47.6
1749262556,47.20000000,4.50000000,47.6
1749262556,47.19000000,7.53500000,47.6
1749262556,47.18000000,4.50000000,47.6
1749262556,47.17000000,14.61500000,47.6
1749262556,47.16000000,1.37300000,47.6
1749262556,47.15000000,32.44500000,47.6
1749262556,47.14000000,0.30000000,47.6
1749262556,47.13000000,0.26300000,47.6
1749262556,47.11000000,17.94300000,47.6
1749262556,47.08000000,0.47600000,47.6
1749262556,47.07000000,3.03500000,47.6
1749262556,47.05000000,13.13700000,47.6
1749262556,47.03000000,4.24500000,47.6
1749262556,47.02000000,0.51100000,47.6
1749262556,47.00000000,1.95400000,47.6
1749262556,46.99000000,10.11500000,47.6
1749262556,46.97000000,13.08500000,47.6
1749262556,46.95000000,3.03500000,47.6
1749262556,46.93000000,10.11500000,47.6
1749262556,46.89000000,0.46900000,47.6
1749262556,46.88000000,3.03500000,47.6
1749262556,46.87000000,10.11500000,47.6
1749262556,46.86000000,45.09000000,47.6
1749262556,46.80000000,13.84600000,47.6
1749262556,46.73000000,1.14900000,47.6
1749262556,46.72000000,13.15500000,47.6
1749262556,46.71000000,52.08400000,47.6
1749262556,46.68000000,0.26500000,47.6
1749262556,46.66000000,0.53900000,47.6
1749262556,46.65000000,0.26600000,47.6
1749262556,46.61000000,3.00000000,47.6
1749262556,46.60000000,1.64900000,47.6
1749262556,46.59000000,1.22200000,47.6
1749262556,46.54000000,0.30000000,47.6
1749262556,46.50000000,12.20600000,47.6
1749262556,46.48000000,0.35800000,47.6
1749262556,46.46000000,0.74400000,47.6
1749262556,46.43000000,1.24900000,47.6
1749262556,46.42000000,14.34700000,47.6
1749262556,46.41000000,0.26700000,47.6
1749262556,46.40000000,0.48000000,47.6
1749262556,46.38000000,0.12900000,47.6
1749262556,46.30000000,0.25000000,47.6
1749262556,46.24000000,5.50000000,47.6
1749262556,46.22000000,0.26700000,47.6
1749262556,46.20000000,1.38200000,47.6
1749262556,46.18000000,0.26800000,47.6
1749262556,46.16000000,1.23300000,47.6
1749262556,46.13000000,2.51900000,47.6
1749262556,46.10000000,2.07600000,47.6
1749262556,46.04000000,0.39000000,47.6
1749262556,46.01000000,6.63600000,47.6
1749262556,46.00000000,118.65000000,47.6
1749262556,45.95000000,0.27000000,47.6
1749262556,45.94000000,0.30000000,47.6
1749262556,45.92000000,1.32700000,47.6
1749262556,45.89000000,0.48600000,47.6
1749262556,45.88000000,6.78800000,47.6
1749262556,45.84000000,7.84100000,47.6
1749262556,45.78000000,0.75500000,47.6
1749262556,45.76000000,0.48900000,47.6
1749262556,45.75000000,78.24100000,47.6
1749262556,45.73000000,1.91100000,47.6
1749262556,45.71000000,0.27100000,47.6
1749262864,47.49000000,4.50000000,47.53
1749262864,47.48000000,9.84600000,47.53
1749262864,47.47000000,41.52900000,47.53
1749262864,47.46000000,25.46500000,47.53
1749262864,47.45000000,5.32900000,47.53
1749262864,47.44000000,14.61500000,47.53
1749262864,47.43000000,15.78000000,47.53
1749262864,47.42000000,40.55700000,47.53
1749262864,47.41000000,50.93800000,47.53
1749262864,47.40000000,49.93600000,47.53
1749262864,47.39000000,7.53500000,47.53
1749262864,47.38000000,66.02000000,47.53
1749262864,47.37000000,4.76200000,47.53
1749262864,47.36000000,16.00700000,47.53
1749262864,47.35000000,17.65000000,47.53
1749262864,47.34000000,4.50000000,47.53
1749262864,47.33000000,15.56400000,47.53
1749262864,47.32000000,25.14200000,47.53
1749262864,47.31000000,64.24400000,47.53
1749262864,47.30000000,23.87800000,47.53
1749262864,47.29000000,15.94200000,47.53
1749262864,47.28000000,6.25600000,47.53
1749262864,47.27000000,7.53500000,47.53
1749262864,47.26000000,14.61500000,47.53
1749262864,47.25000000,1.75300000,47.53
1749262864,47.24000000,4.50000000,47.53
1749262864,47.23000000,17.65000000,47.53
1749262864,47.22000000,6.25500000,47.53
1749262864,47.21000000,13.01900000,47.53
1749262864,47.20000000,4.74800000,47.53
1749262864,47.19000000,7.53500000,47.53
1749262864,47.18000000,4.50000000,47.53
1749262864,47.17000000,14.61500000,47.53
1749262864,47.16000000,11.37300000,47.53
1749262864,47.15000000,6.15600000,47.53
1749262864,47.14000000,33.41000000,47.53
1749262864,47.13000000,0.26300000,47.53
1749262864,47.11000000,17.94300000,47.53
1749262864,47.08000000,0.47600000,47.53
1749262864,47.07000000,7.53500000,47.53
1749262864,47.06000000,4.50000000,47.53
1749262864,47.05000000,14.90300000,47.53
1749262864,47.03000000,8.74500000,47.53
1749262864,47.02000000,0.51100000,47.53
1749262864,47.00000000,32.82700000,47.53
1749262864,46.99000000,14.61500000,47.53
1749262864,46.95000000,7.53500000,47.53
1749262864,46.93000000,12.85700000,47.53
1749262864,46.89000000,0.46900000,47.53
1749262864,46.88000000,3.03500000,47.53
1749262864,46.87000000,23.22800000,47.53
1749262864,46.86000000,45.09000000,47.53
1749262864,46.80000000,13.84600000,47.53
1749262864,46.73000000,0.25000000,47.53
1749262864,46.72000000,13.15500000,47.53
1749262864,46.71000000,53.09000000,47.53
1749262864,46.68000000,0.26500000,47.53
1749262864,46.66000000,0.53900000,47.53
1749262864,46.65000000,0.26600000,47.53
1749262864,46.61000000,3.00000000,47.53
1749262864,46.60000000,1.64900000,47.53
1749262864,46.59000000,1.22200000,47.53
1749262864,46.54000000,0.30000000,47.53
1749262864,46.50000000,12.20600000,47.53
1749262864,46.48000000,0.35800000,47.53
1749262864,46.46000000,0.74400000,47.53
1749262864,46.42000000,14.34700000,47.53
1749262864,46.41000000,0.26700000,47.53
1749262864,46.40000000,0.48000000,47.53
1749262864,46.38000000,0.12900000,47.53
1749262864,46.30000000,0.25000000,47.53
1749262864,46.25000000,1.14600000,47.53
1749262864,46.24000000,5.50000000,47.53
1749262864,46.22000000,0.26700000,47.53
1749262864,46.20000000,1.38200000,47.53
1749262864,46.18000000,0.26800000,47.53
1749262864,46.16000000,1.23300000,47.53
1749262864,46.13000000,2.51900000,47.53
1749262864,46.10000000,2.07600000,47.53
1749262864,46.04000000,0.39000000,47.53
1749262864,46.01000000,6.63600000,47.53
1749262864,46.00000000,118.65000000,47.53
1749262864,45.95000000,0.27000000,47.53
1749262864,45.94000000,0.30000000,47.53
1749262864,45.92000000,1.32700000,47.53
1749262864,45.89000000,0.48600000,47.53
1749262864,45.88000000,6.78800000,47.53
1749262864,45.84000000,7.84100000,47.53
1749262864,45.78000000,0.75500000,47.53
1749262864,45.76000000,0.48900000,47.53
1749262864,45.75000000,78.24100000,47.53
1749262864,45.73000000,1.91100000,47.53
1749262864,45.71000000,0.27100000,47.53
1749262864,45.67000000,0.20500000,47.53
1749262864,45.64000000,21.91000000,47.53
1749262864,45.57000000,14.00200000,47.53
1749262864,45.56000000,2.19400000,47.53
1749262864,45.50000000,91.50500000,47.53
1749262864,45.48000000,0.27200000,47.53
1749262864,45.47000000,0.25000000,47.53
1749263166,47.46000000,4.50000000,47.49
1749263166,47.45000000,14.76200000,47.49
1749263166,47.44000000,36.15000000,47.49
1749263166,47.43000000,29.38400000,47.49
1749263166,47.42000000,92.36300000,47.49
1749263166,47.41000000,22.15400000,47.49
1749263166,47.40000000,24.45700000,47.49
1749263166,47.39000000,30.25100000,47.49
1749263166,47.38000000,97.03900000,47.49
1749263166,47.37000000,66.47500000,47.49
1749263166,47.36000000,4.50000000,47.49
1749263166,47.35000000,17.65000000,47.49
1749263166,47.34000000,5.51400000,47.49
1749263166,47.33000000,11.49100000,47.49
1749263166,47.32000000,26.17100000,47.49
1749263166,47.31000000,57.92800000,47.49
1749263166,47.30000000,4.50000000,47.49
1749263166,47.29000000,46.25100000,47.49
1749263166,47.28000000,15.03500000,47.49
1749263166,47.27000000,7.53500000,47.49
1749263166,47.26000000,14.61500000,47.49
1749263166,47.25000000,6.25600000,47.49
1749263166,47.24000000,54.89300000,47.49
1749263166,47.23000000,17.65000000,47.49
1749263166,47.22000000,6.25300000,47.49
1749263166,47.21000000,13.01900000,47.49
1749263166,47.20000000,4.74800000,47.49
1749263166,47.19000000,9.29000000,47.49
1749263166,47.18000000,4.50000000,47.49
1749263166,47.17000000,14.61500000,47.49
1749263166,47.16000000,5.87300000,47.49
1749263166,47.15000000,6.15600000,47.49
1749263166,47.14000000,33.41000000,47.49
1749263166,47.13000000,0.26300000,47.49
1749263166,47.12000000,10.00000000,47.49
1749263166,47.11000000,17.94300000,47.49
1749263166,47.09000000,4.50000000,47.49
1749263166,47.08000000,0.47600000,47.49
1749263166,47.07000000,7.53500000,47.49
1749263166,47.06000000,4.50000000,47.49
1749263166,47.05000000,14.90300000,47.49
1749263166,47.03000000,8.74500000,47.49
1749263166,47.02000000,0.51100000,47.49
1749263166,47.00000000,32.82700000,47.49
1749263166,46.99000000,14.61500000,47.49
1749263166,46.95000000,3.03500000,47.49
1749263166,46.93000000,10.11500000,47.49
1749263166,46.89000000,0.46900000,47.49
1749263166,46.88000000,3.03500000,47.49
1749263166,46.87000000,23.22800000,47.49
1749263166,46.86000000,45.09000000,47.49
1749263166,46.80000000,13.84600000,47.49
1749263166,46.73000000,0.25000000,47.49
1749263166,46.72000000,13.15500000,47.49
1749263166,46.71000000,52.08400000,47.49
1749263166,46.68000000,0.26500000,47.49
1749263166,46.66000000,1.52500000,47.49
1749263166,46.65000000,0.26600000,47.49
1749263166,46.61000000,3.00000000,47.49
1749263166,46.60000000,1.64900000,47.49
1749263166,46.59000000,1.22200000,47.49
1749263166,46.54000000,0.30000000,47.49
1749263166,46.50000000,12.20600000,47.49
1749263166,46.48000000,0.35800000,47.49
1749263166,46.46000000,0.74400000,47.49
1749263166,46.42000000,14.34700000,47.49
1749263166,46.41000000,0.26700000,47.49
1749263166,46.40000000,0.48000000,47.49
1749263166,46.38000000,0.12900000,47.49
1749263166,46.30000000,0.25000000,47.49
1749263166,46.25000000,1.16800000,47.49
1749263166,46.24000000,5.50000000,47.49
1749263166,46.22000000,0.26700000,47.49
1749263166,46.20000000,1.38200000,47.49
1749263166,46.18000000,0.26800000,47.49
1749263166,46.16000000,1.23300000,47.49
1749263166,46.13000000,2.51900000,47.49
1749263166,46.10000000,2.07600000,47.49
1749263166,46.04000000,0.39000000,47.49
1749263166,46.01000000,7.60200000,47.49
1749263166,46.00000000,118.65000000,47.49
1749263166,45.95000000,0.27000000,47.49
1749263166,45.94000000,0.30000000,47.49
1749263166,45.92000000,1.32700000,47.49
1749263166,45.89000000,0.48600000,47.49
1749263166,45.88000000,6.78800000,47.49
1749263166,45.84000000,7.84100000,47.49
1749263166,45.78000000,0.75500000,47.49
1749263166,45.76000000,0.48900000,47.49
1749263166,45.75000000,78.24100000,47.49
1749263166,45.73000000,1.91100000,47.49
1749263166,45.71000000,0.27100000,47.49
1749263166,45.67000000,0.20500000,47.49
1749263166,45.64000000,21.91000000,47.49
1749263166,45.57000000,14.00200000,47.49
1749263166,45.56000000,2.19400000,47.49
1749263166,45.50000000,91.50500000,47.49
1749263166,45.48000000,0.27200000,47.49
1749263166,45.47000000,0.25000000,47.49
1749263166,45.45000000,71.84000000,47.49
1749263472,47.40000000,4.50000000,47.45
1749263472,47.39000000,12.51400000,47.45
1749263472,47.38000000,4.50000000,47.45
1749263472,47.37000000,12.99300000,47.45
1749263472,47.36000000,40.10200000,47.45
1749263472,47.35000000,63.85000000,47.45
1749263472,47.34000000,32.57100000,47.45
1749263472,47.33000000,31.04600000,47.45
1749263472,47.32000000,26.17100000,47.45
1749263472,47.31000000,33.33900000,47.45
1749263472,47.30000000,30.69000000,47.45
1749263472,47.29000000,15.94200000,47.45
1749263472,47.28000000,4.50000000,47.45
1749263472,47.27000000,19.21300000,47.45
1749263472,47.26000000,34.23800000,47.45
1749263472,47.25000000,4.50000000,47.45
1749263472,47.24000000,54.89300000,47.45
1749263472,47.23000000,17.65000000,47.45
1749263472,47.22000000,15.04700000,47.45
1749263472,47.21000000,17.51900000,47.45
1749263472,47.20000000,6.25400000,47.45
1749263472,47.19000000,7.53500000,47.45
1749263472,47.18000000,4.50000000,47.45
1749263472,47.17000000,14.61500000,47.45
1749263472,47.16000000,5.87300000,47.45
1749263472,47.15000000,8.19000000,47.45
1749263472,47.14000000,4.80000000,47.45
1749263472,47.13000000,0.26300000,47.45
1749263472,47.11000000,17.94300000,47.45
1749263472,47.10000000,1.75600000,47.45
1749263472,47.09000000,4.50000000,47.45
1749263472,47.08000000,15.09100000,47.45
1749263472,47.07000000,7.53500000,47.45
1749263472,47.06000000,43.43200000,47.45
1749263472,47.05000000,14.90300000,47.45
1749263472,47.03000000,8.74500000,47.45
1749263472,47.02000000,0.51100000,47.45
1749263472,47.00000000,32.82700000,47.45
1749263472,46.99000000,14.61500000,47.45
1749263472,46.95000000,3.03500000,47.45
1749263472,46.93000000,10.11500000,47.45
1749263472,46.90000000,2.74400000,47.45
1749263472,46.89000000,0.46900000,47.45
1749263472,46.88000000,3.03500000,47.45
1749263472,46.87000000,10.11500000,47.45
1749263472,46.80000000,13.84600000,47.45
1749263472,46.73000000,0.25000000,47.45
1749263472,46.72000000,13.15500000,47.45
1749263472,46.71000000,52.08400000,47.45
1749263472,46.68000000,0.26500000,47.45
1749263472,46.66000000,1.52500000,47.45
1749263472,46.65000000,0.26600000,47.45
1749263472,46.61000000,3.00000000,47.45
1749263472,46.60000000,1.64900000,47.45
1749263472,46.59000000,1.22200000,47.45
1749263472,46.54000000,0.30000000,47.45
1749263472,46.50000000,12.20600000,47.45
1749263472,46.48000000,0.35800000,47.45
1749263472,46.46000000,0.74400000,47.45
1749263472,46.42000000,14.34700000,47.45
1749263472,46.41000000,0.26700000,47.45
1749263472,46.40000000,0.48000000,47.45
1749263472,46.38000000,0.12900000,47.45
1749263472,46.30000000,0.25000000,47.45
1749263472,46.29000000,44.51500000,47.45
1749263472,46.24000000,5.50000000,47.45
1749263472,46.22000000,0.26700000,47.45
1749263472,46.20000000,1.38200000,47.45
1749263472,46.18000000,0.26800000,47.45
1749263472,46.16000000,1.23300000,47.45
1749263472,46.13000000,2.51900000,47.45
1749263472,46.10000000,2.07600000,47.45
1749263472,46.04000000,0.39000000,47.45
1749263472,46.01000000,7.60200000,47.45
1749263472,46.00000000,118.65000000,47.45
1749263472,45.95000000,0.27000000,47.45
1749263472,45.94000000,0.30000000,47.45
1749263472,45.92000000,1.32700000,47.45
1749263472,45.89000000,0.48600000,47.45
1749263472,45.88000000,6.78800000,47.45
1749263472,45.84000000,7.84100000,47.45
1749263472,45.78000000,0.75500000,47.45
1749263472,45.76000000,0.48900000,47.45
1749263472,45.75000000,21.18900000,47.45
1749263472,45.73000000,1.91100000,47.45
1749263472,45.71000000,0.27100000,47.45
1749263472,45.67000000,0.20500000,47.45
1749263472,45.66000000,53.13100000,47.45
1749263472,45.64000000,21.91000000,47.45
1749263472,45.57000000,14.00200000,47.45
1749263472,45.56000000,2.19400000,47.45
1749263472,45.50000000,91.50500000,47.45
1749263472,45.48000000,0.27200000,47.45
1749263472,45.47000000,0.25000000,47.45
1749263472,45.45000000,71.84000000,47.45
1749263472,45.36000000,0.41400000,47.45
1749263472,45.35000000,31.15000000,47.45
1749263472,45.33000000,0.53900000,47.45
1749263472,45.31000000,1.25600000,47.45
1749263472,45.30000000,0.63100000,47.45
1749263774,47.53000000,4.50000000,47.53
1749263774,47.52000000,11.90200000,47.53
1749263774,47.50000000,0.88400000,47.53
1749263774,47.49000000,0.89100000,47.53
1749263774,47.48000000,4.50000000,47.53
1749263774,47.47000000,31.75600000,47.53
1749263774,47.46000000,114.42600000,47.53
1749263774,47.45000000,101.28000000,47.53
1749263774,47.44000000,22.26100000,47.53
1749263774,47.43000000,38.43700000,47.53
1749263774,47.42000000,54.90100000,47.53
1749263774,47.41000000,34.85100000,47.53
1749263774,47.40000000,4.50000000,47.53
1749263774,47.39000000,15.00300000,47.53
1749263774,47.38000000,65.00800000,47.53
1749263774,47.37000000,16.21300000,47.53
1749263774,47.36000000,24.41900000,47.53
1749263774,47.35000000,28.17000000,47.53
1749263774,47.34000000,15.02100000,47.53
1749263774,47.33000000,5.03900000,47.53
1749263774,47.32000000,14.61500000,47.53
1749263774,47.31000000,57.92800000,47.53
1749263774,47.30000000,6.25400000,47.53
1749263774,47.29000000,15.94200000,47.53
1749263774,47.28000000,4.50000000,47.53
1749263774,47.27000000,7.53500000,47.53
1749263774,47.26000000,14.61500000,47.53
1749263774,47.25000000,6.25600000,47.53
1749263774,47.24000000,4.50000000,47.53
1749263774,47.23000000,17.90000000,47.53
1749263774,47.22000000,4.50000000,47.53
1749263774,47.21000000,17.51900000,47.53
1749263774,47.20000000,6.25400000,47.53
1749263774,47.19000000,7.53500000,47.53
1749263774,47.18000000,14.50000000,47.53
1749263774,47.17000000,14.61500000,47.53
1749263774,47.16000000,5.87300000,47.53
1749263774,47.15000000,6.15600000,47.53
1749263774,47.14000000,33.79900000,47.53
1749263774,47.13000000,0.26300000,47.53
1749263774,47.12000000,4.50000000,47.53
1749263774,47.11000000,17.94300000,47.53
1749263774,47.09000000,4.50000000,47.53
1749263774,47.08000000,15.09100000,47.53
1749263774,47.07000000,3.03500000,47.53
1749263774,47.05000000,10.40300000,47.53
1749263774,47.03000000,4.24500000,47.53
1749263774,47.02000000,0.51100000,47.53
1749263774,47.00000000,28.32700000,47.53
1749263774,46.99000000,10.11500000,47.53
1749263774,46.95000000,3.03500000,47.53
1749263774,46.94000000,2.74100000,47.53
1749263774,46.93000000,10.11500000,47.53
1749263774,46.89000000,0.46900000,47.53
1749263774,46.88000000,3.03500000,47.53
1749263774,46.87000000,10.11500000,47.53
1749263774,46.80000000,13.84600000,47.53
1749263774,46.73000000,0.25000000,47.53
1749263774,46.71000000,52.08400000,47.53
1749263774,46.68000000,14.28900000,47.53
1749263774,46.66000000,0.53900000,47.53
1749263774,46.65000000,0.26600000,47.53
1749263774,46.61000000,3.00000000,47.53
1749263774,46.60000000,14.83800000,47.53
1749263774,46.59000000,1.22200000,47.53
1749263774,46.54000000,0.30000000,47.53
1749263774,46.50000000,12.20600000,47.53
1749263774,46.48000000,0.35800000,47.53
1749263774,46.46000000,0.74400000,47.53
1749263774,46.42000000,14.34700000,47.53
1749263774,46.41000000,0.26700000,47.53
1749263774,46.40000000,0.48000000,47.53
1749263774,46.38000000,0.12900000,47.53
1749263774,46.30000000,1.54600000,47.53
1749263774,46.29000000,43.34800000,47.53
1749263774,46.24000000,5.50000000,47.53
1749263774,46.22000000,0.26700000,47.53
1749263774,46.20000000,1.38200000,47.53
1749263774,46.18000000,0.26800000,47.53
1749263774,46.16000000,1.23300000,47.53
1749263774,46.13000000,2.51900000,47.53
1749263774,46.10000000,2.07600000,47.53
1749263774,46.04000000,0.39000000,47.53
1749263774,46.01000000,12.38300000,47.53
1749263774,46.00000000,118.65000000,47.53
1749263774,45.95000000,0.27000000,47.53
1749263774,45.94000000,0.30000000,47.53
1749263774,45.92000000,1.32700000,47.53
1749263774,45.89000000,0.48600000,47.53
1749263774,45.88000000,6.78800000,47.53
1749263774,45.84000000,7.84100000,47.53
1749263774,45.78000000,0.75500000,47.53
1749263774,45.76000000,0.48900000,47.53
1749263774,45.75000000,21.18900000,47.53
1749263774,45.73000000,1.91100000,47.53
1749263774,45.71000000,0.27100000,47.53
1749263774,45.67000000,0.20500000,47.53
1749263774,45.66000000,53.13100000,47.53
1749263774,45.64000000,21.91000000,47.53
1749263774,45.57000000,14.00200000,47.53
1749264075,47.58000000,6.69000000,47.58
1749264075,47.56000000,4.50000000,47.58
1749264075,47.55000000,16.84800000,47.58
1749264075,47.54000000,54.70400000,47.58
1749264075,47.53000000,27.28200000,47.58
1749264075,47.52000000,13.12300000,47.58
1749264075,47.51000000,29.50000000,47.58
1749264075,47.50000000,51.00100000,47.58
1749264075,47.49000000,48.96200000,47.58
1749264075,47.48000000,4.50000000,47.58
1749264075,47.47000000,13.15000000,47.58
1749264075,47.46000000,4.50000000,47.58
1749264075,47.45000000,62.08300000,47.58
1749264075,47.44000000,14.61500000,47.58
1749264075,47.43000000,13.91700000,47.58
1749264075,47.42000000,4.50000000,47.58
1749264075,47.41000000,25.12200000,47.58
1749264075,47.40000000,4.50000000,47.58
1749264075,47.39000000,27.50700000,47.58
1749264075,47.38000000,65.00800000,47.58
1749264075,47.37000000,4.76200000,47.58
1749264075,47.36000000,4.50000000,47.58
1749264075,47.35000000,19.40300000,47.58
1749264075,47.34000000,4.50000000,47.58
1749264075,47.33000000,5.03900000,47.58
1749264075,47.32000000,27.60300000,47.58
1749264075,47.31000000,7.76200000,47.58
1749264075,47.30000000,6.25400000,47.58
1749264075,47.29000000,15.94200000,47.58
1749264075,47.28000000,4.50000000,47.58
1749264075,47.27000000,7.53500000,47.58
1749264075,47.26000000,14.61500000,47.58
1749264075,47.25000000,1.75000000,47.58
1749264075,47.24000000,4.50000000,47.58
1749264075,47.23000000,46.63400000,47.58
1749264075,47.22000000,10.00000000,47.58
1749264075,47.20000000,4.50000000,47.58
1749264075,47.19000000,7.53500000,47.58
1749264075,47.18000000,30.77200000,47.58
1749264075,47.17000000,14.61500000,47.58
1749264075,47.16000000,5.87300000,47.58
1749264075,47.15000000,6.15600000,47.58
1749264075,47.14000000,4.80000000,47.58
1749264075,47.13000000,0.26300000,47.58
1749264075,47.11000000,17.94300000,47.58
1749264075,47.08000000,10.59100000,47.58
1749264075,47.07000000,3.03500000,47.58
1749264075,47.05000000,10.40300000,47.58
1749264075,47.04000000,2.73500000,47.58
1749264075,47.03000000,4.24500000,47.58
1749264075,47.02000000,0.51100000,47.58
1749264075,47.00000000,1.95400000,47.58
1749264075,46.99000000,10.11500000,47.58
1749264075,46.95000000,3.03500000,47.58
1749264075,46.93000000,10.11500000,47.58
1749264075,46.89000000,0.46900000,47.58
1749264075,46.88000000,3.03500000,47.58
1749264075,46.87000000,10.11500000,47.58
1749264075,46.80000000,14.72200000,47.58
1749264075,46.73000000,0.25000000,47.58
1749264075,46.72000000,13.15500000,47.58
1749264075,46.71000000,65.24200000,47.58
1749264075,46.68000000,0.26500000,47.58
1749264075,46.66000000,0.53900000,47.58
1749264075,46.65000000,0.26600000,47.58
1749264075,46.61000000,3.00000000,47.58
1749264075,46.60000000,1.64900000,47.58
1749264075,46.59000000,1.22200000,47.58
1749264075,46.54000000,0.30000000,47.58
1749264075,46.50000000,13.47500000,47.58
1749264075,46.48000000,0.35800000,47.58
1749264075,46.46000000,0.74400000,47.58
1749264075,46.42000000,14.34700000,47.58
1749264075,46.41000000,0.26700000,47.58
1749264075,46.40000000,0.48000000,47.58
1749264075,46.38000000,0.12900000,47.58
1749264075,46.30000000,0.25000000,47.58
1749264075,46.29000000,43.34800000,47.58
1749264075,46.24000000,5.50000000,47.58
1749264075,46.22000000,0.26700000,47.58
1749264075,46.20000000,1.38200000,47.58
1749264075,46.18000000,0.26800000,47.58
1749264075,46.16000000,1.23300000,47.58
1749264075,46.13000000,2.51900000,47.58
1749264075,46.10000000,2.07600000,47.58
1749264075,46.04000000,0.39000000,47.58
1749264075,46.01000000,12.54300000,47.58
1749264075,46.00000000,118.65000000,47.58
1749264075,45.95000000,0.27000000,47.58
1749264075,45.94000000,0.30000000,47.58
1749264075,45.92000000,1.32700000,47.58
1749264075,45.89000000,0.48600000,47.58
1749264075,45.88000000,6.78800000,47.58
1749264075,45.84000000,7.84100000,47.58
1749264075,45.78000000,0.75500000,47.58
1749264075,45.76000000,0.48900000,47.58
1749264075,45.75000000,21.18900000,47.58
1749264075,45.73000000,1.91100000,47.58
1749264075,45.71000000,0.27100000,47.58
1749264075,45.67000000,0.20500000,47.58
1749264377,47.65000000,4.50000000,47.67
1749264377,47.64000000,5.05500000,47.67
1749264377,47.63000000,37.10100000,47.67
1749264377,47.62000000,93.97600000,47.67
1749264377,47.61000000,20.10400000,47.67
1749264377,47.60000000,14.70200000,47.67
1749264377,47.59000000,44.47600000,47.67
1749264377,47.58000000,33.06900000,47.67
1749264377,47.57000000,52.71100000,47.67
1749264377,47.56000000,34.71900000,47.67
1749264377,47.55000000,24.14800000,47.67
1749264377,47.54000000,4.50000000,47.67
1749264377,47.53000000,21.71300000,47.67
1749264377,47.52000000,61.15000000,47.67
1749264377,47.51000000,7.53500000,47.67
1749264377,47.50000000,14.61500000,47.67
1749264377,47.49000000,10.49000000,47.67
1749264377,47.48000000,14.99000000,47.67
1749264377,47.47000000,32.99300000,47.67
1749264377,47.46000000,4.50000000,47.67
1749264377,47.45000000,52.14200000,47.67
1749264377,47.44000000,14.61500000,47.67
1749264377,47.43000000,7.53500000,47.67
1749264377,47.42000000,4.50000000,47.67
1749264377,47.41000000,24.18200000,47.67
1749264377,47.40000000,6.24800000,47.67
1749264377,47.39000000,7.74000000,47.67
1749264377,47.38000000,14.61500000,47.67
1749264377,47.37000000,4.76200000,47.67
1749264377,47.36000000,4.50000000,47.67
1749264377,47.35000000,19.39800000,47.67
1749264377,47.34000000,4.50000000,47.67
1749264377,47.33000000,5.03900000,47.67
1749264377,47.32000000,24.61500000,47.67
1749264377,47.31000000,40.95200000,47.67
1749264377,47.30000000,4.50000000,47.67
1749264377,47.29000000,15.94200000,47.67
1749264377,47.28000000,4.50000000,47.67
1749264377,47.27000000,7.53500000,47.67
1749264377,47.26000000,14.61500000,47.67
1749264377,47.24000000,4.50000000,47.67
1749264377,47.23000000,17.65000000,47.67
1749264377,47.20000000,4.50000000,47.67
1749264377,47.19000000,20.55900000,47.67
1749264377,47.18000000,30.77200000,47.67
1749264377,47.17000000,10.11500000,47.67
1749264377,47.16000000,1.37300000,47.67
1749264377,47.15000000,1.65600000,47.67
1749264377,47.14000000,0.30000000,47.67
1749264377,47.13000000,0.26300000,47.67
1749264377,47.11000000,13.44300000,47.67
1749264377,47.08000000,10.59100000,47.67
1749264377,47.07000000,5.76800000,47.67
1749264377,47.05000000,10.40300000,47.67
1749264377,47.03000000,4.24500000,47.67
1749264377,47.02000000,0.51100000,47.67
1749264377,47.00000000,1.95400000,47.67
1749264377,46.99000000,10.11500000,47.67
1749264377,46.95000000,3.03500000,47.67
1749264377,46.93000000,10.11500000,47.67
1749264377,46.89000000,0.46900000,47.67
1749264377,46.88000000,55.76100000,47.67
1749264377,46.82000000,13.12700000,47.67
1749264377,46.80000000,14.72200000,47.67
1749264377,46.73000000,0.25000000,47.67
1749264377,46.71000000,13.15800000,47.67
1749264377,46.68000000,0.26500000,47.67
1749264377,46.66000000,0.53900000,47.67
1749264377,46.65000000,0.26600000,47.67
1749264377,46.61000000,3.00000000,47.67
1749264377,46.60000000,1.64900000,47.67
1749264377,46.59000000,1.22200000,47.67
1749264377,46.54000000,0.30000000,47.67
1749264377,46.50000000,13.47500000,47.67
1749264377,46.48000000,0.35800000,47.67
1749264377,46.46000000,0.74400000,47.67
1749264377,46.42000000,14.34700000,47.67
1749264377,46.41000000,0.26700000,47.67
1749264377,46.40000000,0.48000000,47.67
1749264377,46.38000000,0.12900000,47.67
1749264377,46.30000000,0.25000000,47.67
1749264377,46.24000000,5.50000000,47.67
1749264377,46.22000000,0.26700000,47.67
1749264377,46.20000000,1.38200000,47.67
1749264377,46.18000000,0.26800000,47.67
1749264377,46.16000000,1.23300000,47.67
1749264377,46.13000000,2.51900000,47.67
1749264377,46.10000000,2.07600000,47.67
1749264377,46.04000000,0.39000000,47.67
1749264377,46.01000000,12.43500000,47.67
1749264377,46.00000000,118.65000000,47.67
1749264377,45.95000000,0.27000000,47.67
1749264377,45.94000000,0.30000000,47.67
1749264377,45.92000000,1.32700000,47.67
1749264377,45.89000000,0.48600000,47.67
1749264377,45.88000000,6.78800000,47.67
1749264377,45.84000000,7.84100000,47.67
1749264377,45.78000000,0.75500000,47.67
1749264377,45.76000000,0.48900000,47.67
1749264377,45.75000000,74.64200000,47.67
1749264678,47.73000000,4.50000000,47.74
1749264678,47.71000000,7.53500000,47.74
1749264678,47.70000000,10.40500000,47.74
1749264678,47.69000000,42.32300000,47.74
1749264678,47.68000000,38.17300000,47.74
1749264678,47.67000000,38.06300000,47.74
1749264678,47.66000000,37.70400000,47.74
1749264678,47.65000000,23.17400000,47.74
1749264678,47.64000000,29.85000000,47.74
1749264678,47.63000000,34.29900000,47.74
1749264678,47.62000000,25.64900000,47.74
1749264678,47.61000000,16.36800000,47.74
1749264678,47.60000000,66.37500000,47.74
1749264678,47.59000000,17.65000000,47.74
1749264678,47.58000000,10.62700000,47.74
1749264678,47.57000000,4.50000000,47.74
1749264678,47.56000000,25.08800000,47.74
1749264678,47.55000000,18.00900000,47.74
1749264678,47.54000000,4.50000000,47.74
1749264678,47.53000000,14.61500000,47.74
1749264678,47.52000000,54.89300000,47.74
1749264678,47.51000000,7.53500000,47.74
1749264678,47.50000000,16.36200000,47.74
1749264678,47.48000000,4.67500000,47.74
1749264678,47.47000000,13.15000000,47.74
1749264678,47.46000000,4.50000000,47.74
1749264678,47.45000000,6.24900000,47.74
1749264678,47.44000000,14.61500000,47.74
1749264678,47.43000000,7.53500000,47.74
1749264678,47.42000000,4.50000000,47.74
1749264678,47.41000000,24.18200000,47.74
1749264678,47.40000000,16.24800000,47.74
1749264678,47.39000000,7.53500000,47.74
1749264678,47.38000000,14.61500000,47.74
1749264678,47.37000000,4.76200000,47.74
1749264678,47.36000000,4.50000000,47.74
1749264678,47.35000000,17.65000000,47.74
1749264678,47.34000000,4.50000000,47.74
1749264678,47.33000000,5.03900000,47.74
1749264678,47.32000000,14.61500000,47.74
1749264678,47.31000000,36.54200000,47.74
1749264678,47.30000000,17.49400000,47.74
1749264678,47.29000000,11.44200000,47.74
1749264678,47.27000000,3.03500000,47.74
1749264678,47.26000000,10.11500000,47.74
1749264678,47.23000000,13.15000000,47.74
1749264678,47.19000000,3.03500000,47.74
1749264678,47.18000000,26.27200000,47.74
1749264678,47.17000000,12.84200000,47.74
1749264678,47.16000000,1.37300000,47.74
1749264678,47.15000000,1.65600000,47.74
1749264678,47.14000000,0.30000000,47.74
1749264678,47.13000000,0.26300000,47.74
1749264678,47.11000000,13.44300000,47.74
1749264678,47.08000000,10.59100000,47.74
1749264678,47.07000000,3.03500000,47.74
1749264678,47.05000000,10.40300000,47.74
1749264678,47.03000000,4.24500000,47.74
1749264678,47.02000000,0.51100000,47.74
1749264678,47.00000000,1.95400000,47.74
1749264678,46.95000000,3.03500000,47.74
1749264678,46.94000000,13.09400000,47.74
1749264678,46.89000000,1.34300000,47.74
1749264678,46.88000000,55.76100000,47.74
1749264678,46.80000000,13.84600000,47.74
1749264678,46.73000000,0.25000000,47.74
1749264678,46.71000000,13.15800000,47.74
1749264678,46.68000000,0.26500000,47.74
1749264678,46.66000000,0.53900000,47.74
1749264678,46.65000000,0.26600000,47.74
1749264678,46.61000000,3.00000000,47.74
1749264678,46.60000000,1.64900000,47.74
1749264678,46.59000000,1.22200000,47.74
1749264678,46.54000000,0.30000000,47.74
1749264678,46.51000000,1.26900000,47.74
1749264678,46.50000000,12.20600000,47.74
1749264678,46.48000000,0.35800000,47.74
1749264678,46.46000000,0.74400000,47.74
1749264678,46.42000000,14.34700000,47.74
1749264678,46.41000000,0.26700000,47.74
1749264678,46.40000000,0.48000000,47.74
1749264678,46.30000000,0.25000000,47.74
1749264678,46.24000000,5.50000000,47.74
1749264678,46.22000000,0.26700000,47.74
1749264678,46.20000000,1.38200000,47.74
1749264678,46.18000000,0.26800000,47.74
1749264678,46.16000000,1.23300000,47.74
1749264678,46.13000000,2.51900000,47.74
1749264678,46.10000000,2.07600000,47.74
1749264678,46.04000000,0.39000000,47.74
1749264678,46.01000000,11.26600000,47.74
1749264678,46.00000000,118.65000000,47.74
1749264678,45.95000000,0.27000000,47.74
1749264678,45.94000000,0.30000000,47.74
1749264678,45.92000000,1.32700000,47.74
1749264678,45.89000000,0.48600000,47.74
1749264678,45.88000000,6.78800000,47.74
1749264678,45.84000000,7.84100000,47.74
1749264678,45.78000000,0.75500000,47.74
1749264678,45.76000000,0.48900000,47.74
1749264980,47.84000000,4.50000000,47.94
1749264980,47.83000000,3.03500000,47.94
1749264980,47.82000000,4.50000000,47.94
1749264980,47.81000000,5.28100000,47.94
1749264980,47.80000000,15.61900000,47.94
1749264980,47.79000000,5.89400000,47.94
1749264980,47.78000000,11.57200000,47.94
1749264980,47.77000000,31.02500000,47.94
1749264980,47.76000000,49.74900000,47.94
1749264980,47.75000000,100.21300000,47.94
1749264980,47.74000000,117.29100000,47.94
1749264980,47.73000000,27.00200000,47.94
1749264980,47.72000000,20.87500000,47.94
1749264980,47.71000000,18.95600000,47.94
1749264980,47.70000000,4.50000000,47.94
1749264980,47.69000000,14.61500000,47.94
1749264980,47.68000000,14.94800000,47.94
1749264980,47.67000000,57.92800000,47.94
1749264980,47.66000000,14.61500000,47.94
1749264980,47.65000000,6.24100000,47.94
1749264980,47.64000000,4.65300000,47.94
1749264980,47.63000000,17.65000000,47.94
1749264980,47.62000000,14.03000000,47.94
1749264980,47.61000000,4.50000000,47.94
1749264980,47.60000000,6.20700000,47.94
1749264980,47.59000000,17.65000000,47.94
1749264980,47.57000000,17.42000000,47.94
1749264980,47.56000000,14.61500000,47.94
1749264980,47.55000000,38.33600000,47.94
1749264980,47.54000000,4.50000000,47.94
1749264980,47.53000000,14.61500000,47.94
1749264980,47.52000000,4.50000000,47.94
1749264980,47.51000000,17.53500000,47.94
1749264980,47.50000000,14.61500000,47.94
1749264980,47.48000000,4.50000000,47.94
1749264980,47.47000000,17.65000000,47.94
1749264980,47.45000000,4.50000000,47.94
1749264980,47.44000000,14.61500000,47.94
1749264980,47.43000000,7.53500000,47.94
1749264980,47.41000000,14.61500000,47.94
1749264980,47.39000000,7.53500000,47.94
1749264980,47.38000000,14.61500000,47.94
1749264980,47.37000000,0.26200000,47.94
1749264980,47.35000000,13.15000000,47.94
1749264980,47.33000000,0.53900000,47.94
1749264980,47.32000000,36.30900000,47.94
1749264980,47.31000000,3.03500000,47.94
1749264980,47.29000000,11.44200000,47.94
1749264980,47.27000000,5.75700000,47.94
1749264980,47.25000000,13.00800000,47.94
1749264980,47.23000000,3.03500000,47.94
1749264980,47.19000000,3.03500000,47.94
1749264980,47.16000000,1.37300000,47.94
1749264980,47.15000000,1.65600000,47.94
1749264980,47.14000000,0.30000000,47.94
1749264980,47.13000000,0.46400000,47.94
1749264980,47.11000000,3.32800000,47.94
1749264980,47.08000000,0.47600000,47.94
1749264980,47.07000000,3.90600000,47.94
1749264980,47.05000000,52.70000000,47.94
1749264980,47.03000000,4.24500000,47.94
1749264980,47.02000000,0.51100000,47.94
1749264980,47.00000000,1.95400000,47.94
1749264980,46.95000000,3.03500000,47.94
1749264980,46.93000000,13.09600000,47.94
1749264980,46.89000000,0.46900000,47.94
1749264980,46.88000000,3.03500000,47.94
1749264980,46.80000000,13.84600000,47.94
1749264980,46.73000000,0.25000000,47.94
1749264980,46.68000000,0.26500000,47.94
1749264980,46.66000000,0.53900000,47.94
1749264980,46.65000000,0.26600000,47.94
1749264980,46.61000000,4.26600000,47.94
1749264980,46.60000000,1.64900000,47.94
1749264980,46.59000000,1.22200000,47.94
1749264980,46.54000000,0.30000000,47.94
1749264980,46.50000000,12.20600000,47.94
1749264980,46.48000000,0.35800000,47.94
1749264980,46.46000000,0.74400000,47.94
1749264980,46.42000000,14.34700000,47.94
1749264980,46.41000000,0.67500000,47.94
1749264980,46.40000000,0.48000000,47.94
1749264980,46.30000000,0.25000000,47.94
1749264980,46.24000000,5.50000000,47.94
1749264980,46.22000000,0.26700000,47.94
1749264980,46.20000000,1.38200000,47.94
1749264980,46.18000000,0.26800000,47.94
1749264980,46.16000000,1.23300000,47.94
1749264980,46.13000000,2.51900000,47.94
1749264980,46.10000000,2.07600000,47.94
1749264980,46.04000000,0.39000000,47.94
1749264980,46.01000000,11.26600000,47.94
1749264980,46.00000000,118.65000000,47.94
1749264980,45.95000000,0.27000000,47.94
1749264980,45.94000000,0.30000000,47.94
1749264980,45.92000000,1.32700000,47.94
1749264980,45.89000000,0.48600000,47.94
1749264980,45.88000000,6.78800000,47.94
1749264980,45.84000000,7.84100000,47.94
1749264980,45.78000000,0.75500000,47.94
1749265281,47.82000000,4.50000000,47.87
1749265281,47.81000000,5.39400000,47.87
1749265281,47.80000000,4.50000000,47.87
1749265281,47.79000000,19.83600000,47.87
1749265281,47.78000000,67.21700000,47.87
1749265281,47.77000000,64.04800000,47.87
1749265281,47.76000000,78.74900000,47.87
1749265281,47.75000000,46.77000000,47.87
1749265281,47.74000000,38.38000000,47.87
1749265281,47.73000000,67.83200000,47.87
1749265281,47.72000000,35.84200000,47.87
1749265281,47.71000000,7.53500000,47.87
1749265281,47.70000000,4.50000000,47.87
1749265281,47.69000000,14.61500000,47.87
1749265281,47.68000000,16.08400000,47.87
1749265281,47.67000000,57.92800000,47.87
1749265281,47.66000000,14.61500000,47.87
1749265281,47.65000000,4.50000000,47.87
1749265281,47.64000000,14.95400000,47.87
1749265281,47.63000000,41.63200000,47.87
1749265281,47.62000000,14.03000000,47.87
1749265281,47.61000000,8.74900000,47.87
1749265281,47.60000000,6.20700000,47.87
1749265281,47.59000000,17.65000000,47.87
1749265281,47.57000000,17.42000000,47.87
1749265281,47.56000000,19.00200000,47.87
1749265281,47.55000000,9.45300000,47.87
1749265281,47.54000000,4.50000000,47.87
1749265281,47.53000000,14.61500000,47.87
1749265281,47.52000000,4.50000000,47.87
1749265281,47.51000000,7.53500000,47.87
1749265281,47.50000000,16.35500000,47.87
1749265281,47.49000000,10.00000000,47.87
1749265281,47.48000000,4.50000000,47.87
1749265281,47.47000000,46.85800000,47.87
1749265281,47.45000000,4.50000000,47.87
1749265281,47.44000000,14.61500000,47.87
1749265281,47.43000000,7.53500000,47.87
1749265281,47.41000000,14.61500000,47.87
1749265281,47.39000000,7.53500000,47.87
1749265281,47.38000000,14.61500000,47.87
1749265281,47.37000000,0.26200000,47.87
1749265281,47.35000000,13.15000000,47.87
1749265281,47.33000000,0.53900000,47.87
1749265281,47.32000000,36.30900000,47.87
1749265281,47.31000000,3.03500000,47.87
1749265281,47.29000000,11.44200000,47.87
1749265281,47.28000000,2.72100000,47.87
1749265281,47.27000000,3.03500000,47.87
1749265281,47.25000000,13.00800000,47.87
1749265281,47.23000000,3.03500000,47.87
1749265281,47.19000000,3.03500000,47.87
1749265281,47.16000000,1.37300000,47.87
1749265281,47.15000000,1.65600000,47.87
1749265281,47.14000000,0.30000000,47.87
1749265281,47.13000000,0.46400000,47.87
1749265281,47.11000000,3.32800000,47.87
1749265281,47.08000000,0.47600000,47.87
1749265281,47.07000000,3.92700000,47.87
1749265281,47.05000000,52.70000000,47.87
1749265281,47.03000000,4.24500000,47.87
1749265281,47.02000000,0.51100000,47.87
1749265281,47.00000000,1.95400000,47.87
1749265281,46.95000000,3.03500000,47.87
1749265281,46.93000000,13.09600000,47.87
1749265281,46.89000000,0.46900000,47.87
1749265281,46.88000000,3.03500000,47.87
1749265281,46.80000000,13.84600000,47.87
1749265281,46.73000000,0.25000000,47.87
1749265281,46.68000000,0.26500000,47.87
1749265281,46.66000000,0.53900000,47.87
1749265281,46.65000000,0.26600000,47.87
1749265281,46.62000000,1.24400000,47.87
1749265281,46.61000000,3.00000000,47.87
1749265281,46.60000000,1.64900000,47.87
1749265281,46.59000000,1.22200000,47.87
1749265281,46.54000000,0.30000000,47.87
1749265281,46.50000000,12.20600000,47.87
1749265281,46.48000000,0.35800000,47.87
1749265281,46.46000000,0.74400000,47.87
1749265281,46.42000000,14.34700000,47.87
1749265281,46.41000000,0.67500000,47.87
1749265281,46.40000000,0.48000000,47.87
1749265281,46.37000000,1.79600000,47.87
1749265281,46.36000000,55.75600000,47.87
1749265281,46.30000000,0.25000000,47.87
1749265281,46.24000000,5.50000000,47.87
1749265281,46.23000000,41.50500000,47.87
1749265281,46.22000000,0.26700000,47.87
1749265281,46.20000000,1.38200000,47.87
1749265281,46.18000000,0.26800000,47.87
1749265281,46.16000000,1.23300000,47.87
1749265281,46.13000000,2.51900000,47.87
1749265281,46.10000000,2.07600000,47.87
1749265281,46.04000000,0.39000000,47.87
1749265281,46.01000000,10.49700000,47.87
1749265281,46.00000000,118.65000000,47.87
1749265281,45.95000000,0.27000000,47.87
1749265281,45.94000000,0.30000000,47.87
1749265281,45.92000000,1.32700000,47.87
1749265588,48.01000000,11.62000000,48.03
1749265588,48.00000000,4.50000000,48.03
1749265588,47.99000000,3.92500000,48.03
1749265588,47.98000000,4.50000000,48.03
1749265588,47.97000000,11.00500000,48.03
1749265588,47.96000000,13.04500000,48.03
1749265588,47.95000000,44.23900000,48.03
1749265588,47.94000000,70.68800000,48.03
1749265588,47.93000000,4.50000000,48.03
1749265588,47.92000000,11.33700000,48.03
1749265588,47.91000000,48.99700000,48.03
1749265588,47.90000000,44.90300000,48.03
1749265588,47.89000000,13.47700000,48.03
1749265588,47.88000000,54.89300000,48.03
1749265588,47.87000000,19.41400000,48.03
1749265588,47.86000000,10.41100000,48.03
1749265588,47.85000000,14.91100000,48.03
1749265588,47.84000000,10.11500000,48.03
1749265588,47.83000000,7.53500000,48.03
1749265588,47.82000000,4.50000000,48.03
1749265588,47.81000000,84.64300000,48.03
1749265588,47.80000000,6.23600000,48.03
1749265588,47.79000000,7.64100000,48.03
1749265588,47.78000000,14.61500000,48.03
1749265588,47.76000000,4.50000000,48.03
1749265588,47.75000000,19.38700000,48.03
1749265588,47.73000000,4.50000000,48.03
1749265588,47.72000000,14.61500000,48.03
1749265588,47.71000000,7.53500000,48.03
1749265588,47.70000000,6.23800000,48.03
1749265588,47.69000000,14.61500000,48.03
1749265588,47.68000000,4.50000000,48.03
1749265588,47.67000000,7.53500000,48.03
1749265588,47.66000000,24.61500000,48.03
1749265588,47.65000000,28.50700000,48.03
1749265588,47.64000000,4.50000000,48.03
1749265588,47.63000000,17.65000000,48.03
1749265588,47.61000000,0.26000000,48.03
1749265588,47.60000000,4.46400000,48.03
1749265588,47.59000000,17.65000000,48.03
1749265588,47.58000000,0.24400000,48.03
1749265588,47.57000000,17.42000000,48.03
1749265588,47.56000000,14.61500000,48.03
1749265588,47.55000000,7.53500000,48.03
1749265588,47.54000000,4.50000000,48.03
1749265588,47.53000000,14.61500000,48.03
1749265588,47.52000000,4.50000000,48.03
1749265588,47.51000000,7.53500000,48.03
1749265588,47.50000000,16.06900000,48.03
1749265588,47.47000000,14.34900000,48.03
1749265588,47.44000000,36.24300000,48.03
1749265588,47.43000000,3.03500000,48.03
1749265588,47.41000000,10.11500000,48.03
1749265588,47.39000000,3.03500000,48.03
1749265588,47.38000000,10.11500000,48.03
1749265588,47.37000000,0.26200000,48.03
1749265588,47.35000000,3.03500000,48.03
1749265588,47.33000000,0.53900000,48.03
1749265588,47.32000000,2.71900000,48.03
1749265588,47.31000000,3.14200000,48.03
1749265588,47.29000000,14.32400000,48.03
1749265588,47.27000000,3.03500000,48.03
1749265588,47.23000000,3.03500000,48.03
1749265588,47.22000000,52.26200000,48.03
1749265588,47.19000000,3.03500000,48.03
1749265588,47.16000000,2.37000000,48.03
1749265588,47.15000000,1.65600000,48.03
1749265588,47.14000000,0.30000000,48.03
1749265588,47.13000000,0.46400000,48.03
1749265588,47.11000000,3.32800000,48.03
1749265588,47.08000000,0.47600000,48.03
1749265588,47.07000000,3.03500000,48.03
1749265588,47.05000000,0.28800000,48.03
1749265588,47.03000000,4.24500000,48.03
1749265588,47.02000000,0.51100000,48.03
1749265588,47.00000000,1.95400000,48.03
1749265588,46.95000000,3.03500000,48.03
1749265588,46.93000000,13.09600000,48.03
1749265588,46.89000000,0.46900000,48.03
1749265588,46.88000000,3.03500000,48.03
1749265588,46.80000000,11.94300000,48.03
1749265588,46.73000000,0.25000000,48.03
1749265588,46.68000000,0.26500000,48.03
1749265588,46.66000000,0.53900000,48.03
1749265588,46.65000000,0.26600000,48.03
1749265588,46.61000000,3.00000000,48.03
1749265588,46.60000000,1.64900000,48.03
1749265588,46.59000000,1.22200000,48.03
1749265588,46.54000000,0.30000000,48.03
1749265588,46.50000000,12.20600000,48.03
1749265588,46.48000000,0.35800000,48.03
1749265588,46.46000000,0.74400000,48.03
1749265588,46.42000000,14.34700000,48.03
1749265588,46.41000000,0.67500000,48.03
1749265588,46.40000000,0.48000000,48.03
1749265588,46.37000000,5.34600000,48.03
1749265588,46.36000000,55.75600000,48.03
1749265588,46.30000000,0.25000000,48.03
1749265588,46.24000000,5.50000000,48.03
1749265588,46.23000000,41.50500000,48.03
1749265889,48.05000000,3.75500000,48.08
1749265889,48.04000000,4.50000000,48.08
1749265889,48.03000000,7.53500000,48.08
1749265889,48.02000000,10.11500000,48.08
1749265889,48.01000000,5.10500000,48.08
1749265889,48.00000000,17.90500000,48.08
1749265889,47.99000000,40.85200000,48.08
1749265889,47.98000000,24.37500000,48.08
1749265889,47.97000000,9.74300000,48.08
1749265889,47.96000000,32.99400000,48.08
1749265889,47.95000000,78.29600000,48.08
1749265889,47.94000000,47.40400000,48.08
1749265889,47.93000000,15.46900000,48.08
1749265889,47.92000000,4.50000000,48.08
1749265889,47.91000000,7.53500000,48.08
1749265889,47.90000000,14.61500000,48.08
1749265889,47.89000000,18.92800000,48.08
1749265889,47.88000000,65.29600000,48.08
1749265889,47.87000000,28.06000000,48.08
1749265889,47.85000000,23.70300000,48.08
1749265889,47.84000000,14.61500000,48.08
1749265889,47.83000000,7.53500000,48.08
1749265889,47.82000000,4.50000000,48.08
1749265889,47.81000000,65.00800000,48.08
1749265889,47.80000000,6.23600000,48.08
1749265889,47.79000000,7.53500000,48.08
1749265889,47.78000000,24.24000000,48.08
1749265889,47.76000000,4.50000000,48.08
1749265889,47.75000000,19.38800000,48.08
1749265889,47.73000000,4.50000000,48.08
1749265889,47.72000000,14.61500000,48.08
1749265889,47.71000000,7.53500000,48.08
1749265889,47.70000000,6.23800000,48.08
1749265889,47.69000000,24.61500000,48.08
1749265889,47.68000000,4.50000000,48.08
1749265889,47.67000000,20.42800000,48.08
1749265889,47.66000000,14.61500000,48.08
1749265889,47.65000000,28.87000000,48.08
1749265889,47.64000000,4.50000000,48.08
1749265889,47.63000000,17.65000000,48.08
1749265889,47.61000000,0.26000000,48.08
1749265889,47.60000000,4.46400000,48.08
1749265889,47.59000000,17.65000000,48.08
1749265889,47.58000000,0.24400000,48.08
1749265889,47.57000000,4.50000000,48.08
1749265889,47.56000000,14.61500000,48.08
1749265889,47.55000000,3.03500000,48.08
1749265889,47.53000000,10.11500000,48.08
1749265889,47.51000000,3.03500000,48.08
1749265889,47.50000000,11.56900000,48.08
1749265889,47.47000000,14.34900000,48.08
1749265889,47.44000000,36.24300000,48.08
1749265889,47.43000000,5.74800000,48.08
1749265889,47.39000000,16.00400000,48.08
1749265889,47.37000000,0.26200000,48.08
1749265889,47.35000000,3.14700000,48.08
1749265889,47.33000000,0.53900000,48.08
1749265889,47.31000000,3.03500000,48.08
1749265889,47.29000000,1.32700000,48.08
1749265889,47.27000000,3.03500000,48.08
1749265889,47.23000000,3.03500000,48.08
1749265889,47.22000000,53.25700000,48.08
1749265889,47.19000000,3.03500000,48.08
1749265889,47.16000000,1.37300000,48.08
1749265889,47.15000000,1.65600000,48.08
1749265889,47.14000000,0.30000000,48.08
1749265889,47.13000000,0.46400000,48.08
1749265889,47.11000000,3.32800000,48.08
1749265889,47.08000000,0.47600000,48.08
1749265889,47.07000000,3.03500000,48.08
1749265889,47.05000000,0.28800000,48.08
1749265889,47.04000000,13.06600000,48.08
1749265889,47.03000000,4.24500000,48.08
1749265889,47.02000000,0.51100000,48.08
1749265889,47.00000000,1.95400000,48.08
1749265889,46.95000000,3.03500000,48.08
1749265889,46.89000000,1.59900000,48.08
1749265889,46.88000000,3.03500000,48.08
1749265889,46.80000000,10.81100000,48.08
1749265889,46.73000000,0.25000000,48.08
1749265889,46.68000000,0.26500000,48.08
1749265889,46.66000000,0.53900000,48.08
1749265889,46.65000000,0.26600000,48.08
1749265889,46.61000000,3.00000000,48.08
1749265889,46.60000000,1.64900000,48.08
1749265889,46.59000000,1.22200000,48.08
1749265889,46.54000000,0.30000000,48.08
1749265889,46.50000000,12.20600000,48.08
1749265889,46.48000000,0.35800000,48.08
1749265889,46.46000000,0.74400000,48.08
1749265889,46.42000000,14.34700000,48.08
1749265889,46.41000000,0.67500000,48.08
1749265889,46.40000000,0.48000000,48.08
1749265889,46.37000000,9.73500000,48.08
1749265889,46.36000000,55.75600000,48.08
1749265889,46.30000000,0.25000000,48.08
1749265889,46.24000000,5.50000000,48.08
1749265889,46.23000000,41.50500000,48.08
1749265889,46.22000000,0.26700000,48.08
1749265889,46.20000000,1.38200000,48.08
1749266191,48.02000000,13.37000000,48.01
1749266191,48.01000000,4.50000000,48.01
1749266191,48.00000000,8.90600000,48.01
1749266191,47.99000000,20.12400000,48.01
1749266191,47.98000000,16.99900000,48.01
1749266191,47.97000000,40.49400000,48.01
1749266191,47.96000000,26.79600000,48.01
1749266191,47.95000000,32.09600000,48.01
1749266191,47.94000000,38.45500000,48.01
1749266191,47.93000000,37.59400000,48.01
1749266191,47.92000000,4.50000000,48.01
1749266191,47.91000000,11.92000000,48.01
1749266191,47.90000000,14.61500000,48.01
1749266191,47.89000000,4.50000000,48.01
1749266191,47.88000000,66.34100000,48.01
1749266191,47.87000000,17.65000000,48.01
1749266191,47.86000000,4.50000000,48.01
1749266191,47.85000000,10.84000000,48.01
1749266191,47.84000000,29.25500000,48.01
1749266191,47.83000000,17.94800000,48.01
1749266191,47.82000000,23.72000000,48.01
1749266191,47.81000000,82.31900000,48.01
1749266191,47.80000000,10.89400000,48.01
1749266191,47.79000000,11.90200000,48.01
1749266191,47.78000000,24.12600000,48.01
1749266191,47.77000000,0.13600000,48.01
1749266191,47.76000000,4.50000000,48.01
1749266191,47.75000000,19.38500000,48.01
1749266191,47.73000000,4.50000000,48.01
1749266191,47.72000000,14.61500000,48.01
1749266191,47.71000000,7.53500000,48.01
1749266191,47.70000000,6.23300000,48.01
1749266191,47.69000000,14.61500000,48.01
1749266191,47.68000000,4.50000000,48.01
1749266191,47.67000000,7.53500000,48.01
1749266191,47.66000000,24.61500000,48.01
1749266191,47.65000000,29.01800000,48.01
1749266191,47.64000000,4.50000000,48.01
1749266191,47.63000000,17.65000000,48.01
1749266191,47.61000000,0.26000000,48.01
1749266191,47.60000000,4.46400000,48.01
1749266191,47.59000000,17.65000000,48.01
1749266191,47.56000000,40.67700000,48.01
1749266191,47.55000000,3.03500000,48.01
1749266191,47.53000000,10.11500000,48.01
1749266191,47.51000000,15.97200000,48.01
1749266191,47.50000000,11.56900000,48.01
1749266191,47.48000000,2.71000000,48.01
1749266191,47.47000000,14.34900000,48.01
1749266191,47.43000000,3.03500000,48.01
1749266191,47.39000000,3.03500000,48.01
1749266191,47.37000000,0.26200000,48.01
1749266191,47.35000000,3.03500000,48.01
1749266191,47.33000000,0.53900000,48.01
1749266191,47.31000000,3.03500000,48.01
1749266191,47.29000000,1.32700000,48.01
1749266191,47.27000000,3.03500000,48.01
1749266191,47.23000000,4.82100000,48.01
1749266191,47.22000000,52.26200000,48.01
1749266191,47.19000000,3.03500000,48.01
1749266191,47.16000000,1.37300000,48.01
1749266191,47.15000000,1.65600000,48.01
1749266191,47.14000000,13.33800000,48.01
1749266191,47.13000000,0.46400000,48.01
1749266191,47.12000000,39.78800000,48.01
1749266191,47.11000000,3.32800000,48.01
1749266191,47.08000000,0.47600000,48.01
1749266191,47.07000000,3.03500000,48.01
1749266191,47.05000000,0.28800000,48.01
1749266191,47.03000000,4.24500000,48.01
1749266191,47.02000000,0.51100000,48.01
1749266191,47.00000000,1.95400000,48.01
1749266191,46.95000000,3.03500000,48.01
1749266191,46.89000000,1.62100000,48.01
1749266191,46.88000000,3.03500000,48.01
1749266191,46.80000000,10.81100000,48.01
1749266191,46.73000000,0.25000000,48.01
1749266191,46.68000000,0.26500000,48.01
1749266191,46.66000000,0.53900000,48.01
1749266191,46.65000000,0.26600000,48.01
1749266191,46.61000000,3.00000000,48.01
1749266191,46.60000000,1.64900000,48.01
1749266191,46.59000000,1.22200000,48.01
1749266191,46.54000000,0.30000000,48.01
1749266191,46.50000000,12.20600000,48.01
1749266191,46.48000000,0.35800000,48.01
1749266191,46.46000000,0.74400000,48.01
1749266191,46.42000000,14.34700000,48.01
1749266191,46.41000000,0.67500000,48.01
1749266191,46.40000000,0.48000000,48.01
1749266191,46.30000000,0.25000000,48.01
1749266191,46.24000000,5.50000000,48.01
1749266191,46.22000000,0.26700000,48.01
1749266191,46.20000000,1.38200000,48.01
1749266191,46.18000000,0.26800000,48.01
1749266191,46.16000000,1.23300000,48.01
1749266191,46.13000000,2.51900000,48.01
1749266191,46.10000000,2.07600000,48.01
1749266191,46.04000000,0.39000000,48.01
1749266191,46.01000000,12.46400000,48.01
1749266493,47.91000000,0.92800000,48.0
1749266493,47.90000000,8.25500000,48.0
1749266493,47.89000000,17.85500000,48.0
1749266493,47.88000000,67.26500000,48.0
1749266493,47.87000000,99.87200000,48.0
1749266493,47.86000000,86.31400000,48.0
1749266493,47.85000000,25.72800000,48.0
1749266493,47.84000000,14.61500000,48.0
1749266493,47.83000000,28.65200000,48.0
1749266493,47.82000000,4.50000000,48.0
1749266493,47.81000000,65.00800000,48.0
1749266493,47.80000000,4.50000000,48.0
1749266493,47.79000000,8.70100000,48.0
1749266493,47.78000000,14.61500000,48.0
1749266493,47.77000000,4.50000000,48.0
1749266493,47.76000000,27.90600000,48.0
1749266493,47.75000000,19.38700000,48.0
1749266493,47.74000000,55.05700000,48.0
1749266493,47.73000000,19.39800000,48.0
1749266493,47.72000000,14.61500000,48.0
1749266493,47.71000000,11.90900000,48.0
1749266493,47.70000000,6.23500000,48.0
1749266493,47.69000000,14.75700000,48.0
1749266493,47.68000000,4.50000000,48.0
1749266493,47.67000000,7.53500000,48.0
1749266493,47.66000000,27.51100000,48.0
1749266493,47.65000000,1.73700000,48.0
1749266493,47.64000000,4.50000000,48.0
1749266493,47.63000000,17.65000000,48.0
1749266493,47.61000000,4.76000000,48.0
1749266493,47.59000000,17.65000000,48.0
1749266493,47.58000000,4.50000000,48.0
1749266493,47.56000000,50.67700000,48.0
1749266493,47.55000000,7.53500000,48.0
1749266493,47.53000000,14.61500000,48.0
1749266493,47.51000000,7.53500000,48.0
1749266493,47.50000000,16.06900000,48.0
1749266493,47.47000000,18.84900000,48.0
1749266493,47.43000000,7.53500000,48.0
1749266493,47.40000000,12.96700000,48.0
1749266493,47.39000000,3.03500000,48.0
1749266493,47.38000000,2.71600000,48.0
1749266493,47.37000000,0.26200000,48.0
1749266493,47.35000000,3.03500000,48.0
1749266493,47.33000000,0.53900000,48.0
1749266493,47.31000000,3.03500000,48.0
1749266493,47.29000000,1.32700000,48.0
1749266493,47.27000000,3.03500000,48.0
1749266493,47.23000000,3.84700000,48.0
1749266493,47.19000000,4.01000000,48.0
1749266493,47.16000000,1.37300000,48.0
1749266493,47.15000000,1.65600000,48.0
1749266493,47.14000000,0.30000000,48.0
1749266493,47.13000000,0.46400000,48.0
1749266493,47.12000000,39.78800000,48.0
1749266493,47.11000000,3.32800000,48.0
1749266493,47.08000000,0.47600000,48.0
1749266493,47.07000000,3.03500000,48.0
1749266493,47.05000000,0.28800000,48.0
1749266493,47.03000000,17.31400000,48.0
1749266493,47.02000000,0.51100000,48.0
1749266493,47.00000000,1.95400000,48.0
1749266493,46.95000000,3.03500000,48.0
1749266493,46.89000000,0.46900000,48.0
1749266493,46.88000000,4.18700000,48.0
1749266493,46.80000000,10.81100000,48.0
1749266493,46.73000000,0.25000000,48.0
1749266493,46.68000000,0.26500000,48.0
1749266493,46.66000000,0.53900000,48.0
1749266493,46.65000000,0.26600000,48.0
1749266493,46.61000000,3.00000000,48.0
1749266493,46.60000000,1.64900000,48.0
1749266493,46.59000000,1.22200000,48.0
1749266493,46.54000000,0.30000000,48.0
1749266493,46.50000000,12.20600000,48.0
1749266493,46.48000000,0.35800000,48.0
1749266493,46.46000000,0.74400000,48.0
1749266493,46.42000000,14.34700000,48.0
1749266493,46.41000000,0.67500000,48.0
1749266493,46.40000000,0.48000000,48.0
1749266493,46.30000000,0.25000000,48.0
1749266493,46.24000000,5.50000000,48.0
1749266493,46.22000000,0.26700000,48.0
1749266493,46.20000000,1.38200000,48.0
1749266493,46.18000000,0.26800000,48.0
1749266493,46.16000000,1.23300000,48.0
1749266493,46.13000000,2.51900000,48.0
1749266493,46.10000000,2.07600000,48.0
1749266493,46.04000000,0.39000000,48.0
1749266493,46.01000000,12.97900000,48.0
1749266493,46.00000000,118.65000000,48.0
1749266493,45.95000000,0.27000000,48.0
1749266493,45.94000000,0.30000000,48.0
1749266493,45.92000000,1.32700000,48.0
1749266493,45.89000000,0.48600000,48.0
1749266493,45.88000000,6.78800000,48.0
1749266493,45.84000000,7.84100000,48.0
1749266493,45.78000000,0.75500000,48.0
1749266493,45.76000000,0.48900000,48.0
1749266493,45.75000000,21.18900000,48.0
1749266794,47.98000000,8.25500000,48.0
1749266794,47.97000000,10.25000000,48.0
1749266794,47.96000000,19.22700000,48.0
1749266794,47.95000000,8.78000000,48.0
1749266794,47.94000000,4.50000000,48.0
1749266794,47.93000000,10.11500000,48.0
1749266794,47.92000000,4.50000000,48.0
1749266794,47.91000000,24.09600000,48.0
1749266794,47.90000000,71.96600000,48.0
1749266794,47.89000000,85.35400000,48.0
1749266794,47.88000000,138.61700000,48.0
1749266794,47.87000000,40.31300000,48.0
1749266794,47.86000000,20.61900000,48.0
1749266794,47.85000000,25.11900000,48.0
1749266794,47.84000000,14.61500000,48.0
1749266794,47.83000000,7.53500000,48.0
1749266794,47.82000000,4.50000000,48.0
1749266794,47.81000000,67.44500000,48.0
1749266794,47.80000000,23.94400000,48.0
1749266794,47.79000000,17.95800000,48.0
1749266794,47.78000000,27.61300000,48.0
1749266794,47.77000000,19.58500000,48.0
1749266794,47.76000000,8.73600000,48.0
1749266794,47.75000000,19.38900000,48.0
1749266794,47.74000000,54.85600000,48.0
1749266794,47.73000000,4.50000000,48.0
1749266794,47.72000000,14.61500000,48.0
1749266794,47.71000000,7.53500000,48.0
1749266794,47.70000000,6.23300000,48.0
1749266794,47.69000000,14.61500000,48.0
1749266794,47.68000000,4.50000000,48.0
1749266794,47.67000000,7.53500000,48.0
1749266794,47.66000000,14.61500000,48.0
1749266794,47.65000000,1.73600000,48.0
1749266794,47.64000000,4.50000000,48.0
1749266794,47.63000000,27.65000000,48.0
1749266794,47.61000000,4.76000000,48.0
1749266794,47.59000000,17.65000000,48.0
1749266794,47.58000000,4.50000000,48.0
1749266794,47.56000000,40.67700000,48.0
1749266794,47.55000000,7.53500000,48.0
1749266794,47.53000000,14.61500000,48.0
1749266794,47.51000000,7.53500000,48.0
1749266794,47.50000000,29.00800000,48.0
1749266794,47.47000000,14.34900000,48.0
1749266794,47.44000000,2.71200000,48.0
1749266794,47.43000000,3.03500000,48.0
1749266794,47.39000000,3.03500000,48.0
1749266794,47.37000000,0.26200000,48.0
1749266794,47.35000000,3.03500000,48.0
1749266794,47.33000000,0.53900000,48.0
1749266794,47.31000000,3.03500000,48.0
1749266794,47.29000000,1.32700000,48.0
1749266794,47.27000000,3.03500000,48.0
1749266794,47.23000000,3.84700000,48.0
1749266794,47.19000000,4.03100000,48.0
1749266794,47.16000000,1.37300000,48.0
1749266794,47.15000000,1.65600000,48.0
1749266794,47.14000000,0.30000000,48.0
1749266794,47.13000000,0.46400000,48.0
1749266794,47.12000000,39.78800000,48.0
1749266794,47.11000000,3.32800000,48.0
1749266794,47.08000000,0.47600000,48.0
1749266794,47.07000000,3.03500000,48.0
1749266794,47.05000000,0.28800000,48.0
1749266794,47.03000000,17.31400000,48.0
1749266794,47.02000000,0.51100000,48.0
1749266794,47.00000000,1.95400000,48.0
1749266794,46.95000000,3.03500000,48.0
1749266794,46.89000000,1.59900000,48.0
1749266794,46.88000000,3.03500000,48.0
1749266794,46.80000000,10.81100000,48.0
1749266794,46.73000000,0.25000000,48.0
1749266794,46.68000000,0.26500000,48.0
1749266794,46.66000000,0.53900000,48.0
1749266794,46.65000000,0.26600000,48.0
1749266794,46.61000000,3.00000000,48.0
1749266794,46.60000000,1.64900000,48.0
1749266794,46.59000000,1.22200000,48.0
1749266794,46.54000000,0.30000000,48.0
1749266794,46.50000000,12.20600000,48.0
1749266794,46.48000000,0.35800000,48.0
1749266794,46.46000000,0.74400000,48.0
1749266794,46.42000000,14.34700000,48.0
1749266794,46.41000000,0.67500000,48.0
1749266794,46.40000000,0.48000000,48.0
1749266794,46.30000000,0.25000000,48.0
1749266794,46.24000000,5.50000000,48.0
1749266794,46.22000000,0.26700000,48.0
1749266794,46.20000000,1.38200000,48.0
1749266794,46.18000000,0.26800000,48.0
1749266794,46.16000000,1.23300000,48.0
1749266794,46.13000000,2.51900000,48.0
1749266794,46.10000000,2.07600000,48.0
1749266794,46.04000000,0.39000000,48.0
1749266794,46.01000000,11.81700000,48.0
1749266794,46.00000000,118.65000000,48.0
1749266794,45.95000000,0.27000000,48.0
1749266794,45.94000000,0.30000000,48.0
1749266794,45.92000000,1.32700000,48.0
1749267096,47.92000000,4.50000000,47.95
1749267096,47.91000000,22.95800000,47.95
1749267096,47.90000000,93.34500000,47.95
1749267096,47.89000000,74.29300000,47.95
1749267096,47.88000000,42.29800000,47.95
1749267096,47.87000000,63.93600000,47.95
1749267096,47.86000000,20.80500000,47.95
1749267096,47.85000000,26.29900000,47.95
1749267096,47.84000000,14.61500000,47.95
1749267096,47.83000000,7.53500000,47.95
1749267096,47.82000000,5.83300000,47.95
1749267096,47.81000000,65.00800000,47.95
1749267096,47.80000000,9.15800000,47.95
1749267096,47.79000000,13.64300000,47.95
1749267096,47.78000000,14.61500000,47.95
1749267096,47.76000000,28.39400000,47.95
1749267096,47.75000000,29.82000000,47.95
1749267096,47.74000000,54.85600000,47.95
1749267096,47.73000000,4.50000000,47.95
1749267096,47.72000000,18.98800000,47.95
1749267096,47.71000000,7.53500000,47.95
1749267096,47.70000000,6.23300000,47.95
1749267096,47.69000000,14.75900000,47.95
1749267096,47.68000000,4.50000000,47.95
1749267096,47.67000000,20.42800000,47.95
1749267096,47.66000000,14.61500000,47.95
1749267096,47.65000000,1.73700000,47.95
1749267096,47.64000000,4.50000000,47.95
1749267096,47.63000000,17.65000000,47.95
1749267096,47.61000000,4.76000000,47.95
1749267096,47.60000000,4.50000000,47.95
1749267096,47.59000000,17.65000000,47.95
1749267096,47.58000000,14.50000000,47.95
1749267096,47.56000000,40.67700000,47.95
1749267096,47.55000000,7.53500000,47.95
1749267096,47.53000000,14.61500000,47.95
1749267096,47.51000000,7.53500000,47.95
1749267096,47.50000000,16.06900000,47.95
1749267096,47.49000000,4.50000000,47.95
1749267096,47.48000000,2.71000000,47.95
1749267096,47.47000000,14.34900000,47.95
1749267096,47.43000000,3.03500000,47.95
1749267096,47.39000000,3.03500000,47.95
1749267096,47.38000000,12.97200000,47.95
1749267096,47.37000000,0.26200000,47.95
1749267096,47.35000000,3.03500000,47.95
1749267096,47.33000000,0.53900000,47.95
1749267096,47.31000000,3.03500000,47.95
1749267096,47.29000000,1.32700000,47.95
1749267096,47.27000000,3.03500000,47.95
1749267096,47.23000000,3.84700000,47.95
1749267096,47.19000000,4.01000000,47.95
1749267096,47.16000000,1.37300000,47.95
1749267096,47.15000000,1.65600000,47.95
1749267096,47.14000000,0.30000000,47.95
1749267096,47.13000000,0.46400000,47.95
1749267096,47.11000000,3.32800000,47.95
1749267096,47.08000000,0.47600000,47.95
1749267096,47.07000000,3.03500000,47.95
1749267096,47.05000000,0.28800000,47.95
1749267096,47.03000000,17.31400000,47.95
1749267096,47.02000000,0.51100000,47.95
1749267096,47.00000000,1.95400000,47.95
1749267096,46.95000000,3.03500000,47.95
1749267096,46.89000000,1.62100000,47.95
1749267096,46.88000000,3.03500000,47.95
1749267096,46.80000000,10.81100000,47.95
1749267096,46.73000000,0.25000000,47.95
1749267096,46.68000000,0.26500000,47.95
1749267096,46.66000000,0.53900000,47.95
1749267096,46.65000000,0.26600000,47.95
1749267096,46.61000000,3.00000000,47.95
1749267096,46.60000000,1.64900000,47.95
1749267096,46.59000000,1.22200000,47.95
1749267096,46.54000000,0.30000000,47.95
1749267096,46.50000000,12.20600000,47.95
1749267096,46.48000000,0.35800000,47.95
1749267096,46.46000000,0.74400000,47.95
1749267096,46.42000000,14.34700000,47.95
1749267096,46.41000000,0.67500000,47.95
1749267096,46.40000000,0.48000000,47.95
1749267096,46.38000000,41.09200000,47.95
1749267096,46.30000000,0.25000000,47.95
1749267096,46.24000000,5.50000000,47.95
1749267096,46.22000000,0.26700000,47.95
1749267096,46.20000000,1.38200000,47.95
1749267096,46.18000000,0.26800000,47.95
1749267096,46.16000000,1.23300000,47.95
1749267096,46.13000000,2.51900000,47.95
1749267096,46.10000000,2.07600000,47.95
1749267096,46.04000000,0.39000000,47.95
1749267096,46.01000000,11.77500000,47.95
1749267096,46.00000000,118.65000000,47.95
1749267096,45.95000000,0.27000000,47.95
1749267096,45.94000000,0.30000000,47.95
1749267096,45.92000000,1.32700000,47.95
1749267096,45.89000000,0.48600000,47.95
1749267096,45.88000000,6.78800000,47.95
1749267096,45.84000000,7.84100000,47.95
1749267096,45.78000000,0.75500000,47.95
1749267397,48.00000000,3.89400000,48.0
1749267397,47.98000000,4.50000000,48.0
1749267397,47.97000000,9.76400000,48.0
1749267397,47.96000000,14.83400000,48.0
1749267397,47.95000000,24.90000000,48.0
1749267397,47.94000000,91.44500000,48.0
1749267397,47.93000000,28.86400000,48.0
1749267397,47.92000000,47.70900000,48.0
1749267397,47.91000000,28.89900000,48.0
1749267397,47.90000000,115.44900000,48.0
1749267397,47.89000000,24.80400000,48.0
1749267397,47.88000000,97.54200000,48.0
1749267397,47.87000000,17.65000000,48.0
1749267397,47.85000000,16.16100000,48.0
1749267397,47.84000000,20.82000000,48.0
1749267397,47.83000000,7.53500000,48.0
1749267397,47.82000000,5.77100000,48.0
1749267397,47.81000000,75.42400000,48.0
1749267397,47.80000000,25.59800000,48.0
1749267397,47.79000000,7.53500000,48.0
1749267397,47.78000000,14.61500000,48.0
1749267397,47.77000000,4.50000000,48.0
1749267397,47.76000000,8.73600000,48.0
1749267397,47.75000000,21.08600000,48.0
1749267397,47.74000000,59.52000000,48.0
1749267397,47.73000000,4.50000000,48.0
1749267397,47.72000000,18.98800000,48.0
1749267397,47.71000000,7.53500000,48.0
1749267397,47.70000000,6.23300000,48.0
1749267397,47.69000000,14.75900000,48.0
1749267397,47.68000000,4.50000000,48.0
1749267397,47.67000000,20.42800000,48.0
1749267397,47.66000000,14.61500000,48.0
1749267397,47.64000000,14.50000000,48.0
1749267397,47.63000000,17.65000000,48.0
1749267397,47.61000000,4.76000000,48.0
1749267397,47.60000000,4.50000000,48.0
1749267397,47.59000000,46.68500000,48.0
1749267397,47.58000000,4.50000000,48.0
1749267397,47.56000000,40.67700000,48.0
1749267397,47.55000000,3.03500000,48.0
1749267397,47.53000000,10.11500000,48.0
1749267397,47.51000000,3.03500000,48.0
1749267397,47.50000000,11.56900000,48.0
1749267397,47.49000000,2.70900000,48.0
1749267397,47.47000000,14.34900000,48.0
1749267397,47.43000000,3.03500000,48.0
1749267397,47.39000000,3.03500000,48.0
1749267397,47.37000000,0.26200000,48.0
1749267397,47.35000000,3.03500000,48.0
1749267397,47.33000000,0.53900000,48.0
1749267397,47.31000000,3.03500000,48.0
1749267397,47.29000000,1.32700000,48.0
1749267397,47.28000000,12.99900000,48.0
1749267397,47.27000000,3.03500000,48.0
1749267397,47.25000000,10.00000000,48.0
1749267397,47.23000000,3.03500000,48.0
1749267397,47.19000000,3.88300000,48.0
1749267397,47.18000000,1.12700000,48.0
1749267397,47.17000000,53.23100000,48.0
1749267397,47.16000000,1.37300000,48.0
1749267397,47.15000000,1.65600000,48.0
1749267397,47.14000000,0.30000000,48.0
1749267397,47.13000000,0.46400000,48.0
1749267397,47.11000000,3.32800000,48.0
1749267397,47.08000000,0.47600000,48.0
1749267397,47.07000000,3.03500000,48.0
1749267397,47.05000000,0.28800000,48.0
1749267397,47.03000000,17.31400000,48.0
1749267397,47.02000000,0.51100000,48.0
1749267397,47.00000000,1.95400000,48.0
1749267397,46.95000000,3.03500000,48.0
1749267397,46.89000000,0.46900000,48.0
1749267397,46.88000000,3.03500000,48.0
1749267397,46.80000000,12.09300000,48.0
1749267397,46.73000000,0.25000000,48.0
1749267397,46.68000000,0.26500000,48.0
1749267397,46.66000000,0.53900000,48.0
1749267397,46.65000000,0.26600000,48.0
1749267397,46.61000000,3.00000000,48.0
1749267397,46.60000000,1.64900000,48.0
1749267397,46.59000000,1.22200000,48.0
1749267397,46.54000000,0.30000000,48.0
1749267397,46.50000000,12.20600000,48.0
1749267397,46.48000000,0.35800000,48.0
1749267397,46.46000000,0.74400000,48.0
1749267397,46.42000000,14.34700000,48.0
1749267397,46.41000000,0.67500000,48.0
1749267397,46.40000000,0.48000000,48.0
1749267397,46.38000000,41.09200000,48.0
1749267397,46.30000000,0.25000000,48.0
1749267397,46.24000000,5.50000000,48.0
1749267397,46.22000000,0.26700000,48.0
1749267397,46.20000000,1.38200000,48.0
1749267397,46.18000000,0.26800000,48.0
1749267397,46.16000000,1.23300000,48.0
1749267397,46.13000000,2.51900000,48.0
1749267397,46.10000000,2.07600000,48.0
1749267397,46.04000000,0.39000000,48.0
1749267397,46.01000000,11.30500000,48.0
1749267699,48.04000000,11.13700000,48.04
1749267699,48.01000000,4.50000000,48.04
1749267699,48.00000000,13.83500000,48.04
1749267699,47.99000000,49.55000000,48.04
1749267699,47.98000000,47.20000000,48.04
1749267699,47.97000000,32.39300000,48.04
1749267699,47.96000000,24.93100000,48.04
1749267699,47.95000000,37.75100000,48.04
1749267699,47.94000000,59.10400000,48.04
1749267699,47.93000000,79.94700000,48.04
1749267699,47.92000000,27.01600000,48.04
1749267699,47.91000000,7.53500000,48.04
1749267699,47.90000000,14.61500000,48.04
1749267699,47.88000000,66.32000000,48.04
1749267699,47.87000000,23.90100000,48.04
1749267699,47.86000000,14.90800000,48.04
1749267699,47.85000000,14.91100000,48.04
1749267699,47.84000000,34.33500000,48.04
1749267699,47.83000000,7.53500000,48.04
1749267699,47.82000000,6.73000000,48.04
1749267699,47.81000000,65.00800000,48.04
1749267699,47.80000000,10.89300000,48.04
1749267699,47.79000000,7.53500000,48.04
1749267699,47.78000000,14.61500000,48.04
1749267699,47.77000000,4.63600000,48.04
1749267699,47.76000000,8.73600000,48.04
1749267699,47.75000000,21.08400000,48.04
1749267699,47.74000000,4.46300000,48.04
1749267699,47.73000000,4.50000000,48.04
1749267699,47.72000000,18.98800000,48.04
1749267699,47.71000000,7.53500000,48.04
1749267699,47.70000000,6.23500000,48.04
1749267699,47.69000000,24.61500000,48.04
1749267699,47.68000000,4.50000000,48.04
1749267699,47.67000000,20.42800000,48.04
1749267699,47.66000000,14.61500000,48.04
1749267699,47.63000000,17.65000000,48.04
1749267699,47.61000000,0.26000000,48.04
1749267699,47.59000000,46.68500000,48.04
1749267699,47.56000000,36.17700000,48.04
1749267699,47.55000000,3.03500000,48.04
1749267699,47.54000000,2.70600000,48.04
1749267699,47.53000000,10.11500000,48.04
1749267699,47.51000000,3.03500000,48.04
1749267699,47.50000000,11.56900000,48.04
1749267699,47.47000000,14.34900000,48.04
1749267699,47.43000000,3.03500000,48.04
1749267699,47.40000000,12.96700000,48.04
1749267699,47.39000000,3.03500000,48.04
1749267699,47.37000000,0.26200000,48.04
1749267699,47.35000000,3.03500000,48.04
1749267699,47.34000000,0.10800000,48.04
1749267699,47.33000000,0.53900000,48.04
1749267699,47.31000000,3.03500000,48.04
1749267699,47.29000000,1.32700000,48.04
1749267699,47.27000000,3.03500000,48.04
1749267699,47.25000000,10.00000000,48.04
1749267699,47.23000000,3.03500000,48.04
1749267699,47.19000000,4.03100000,48.04
1749267699,47.18000000,1.12700000,48.04
1749267699,47.17000000,53.23100000,48.04
1749267699,47.16000000,1.37300000,48.04
1749267699,47.15000000,1.65600000,48.04
1749267699,47.14000000,0.30000000,48.04
1749267699,47.13000000,13.50500000,48.04
1749267699,47.11000000,3.32800000,48.04
1749267699,47.08000000,0.47600000,48.04
1749267699,47.07000000,3.03500000,48.04
1749267699,47.05000000,0.28800000,48.04
1749267699,47.03000000,4.24500000,48.04
1749267699,47.02000000,0.51100000,48.04
1749267699,47.00000000,1.95400000,48.04
1749267699,46.95000000,3.03500000,48.04
1749267699,46.89000000,1.59900000,48.04
1749267699,46.88000000,3.03500000,48.04
1749267699,46.80000000,10.81100000,48.04
1749267699,46.73000000,0.25000000,48.04
1749267699,46.68000000,0.26500000,48.04
1749267699,46.66000000,0.53900000,48.04
1749267699,46.65000000,0.26600000,48.04
1749267699,46.61000000,3.00000000,48.04
1749267699,46.60000000,1.64900000,48.04
1749267699,46.59000000,1.22200000,48.04
1749267699,46.54000000,0.30000000,48.04
1749267699,46.50000000,12.20600000,48.04
1749267699,46.48000000,0.35800000,48.04
1749267699,46.46000000,0.74400000,48.04
1749267699,46.42000000,14.34700000,48.04
1749267699,46.41000000,0.67500000,48.04
1749267699,46.40000000,0.48000000,48.04
1749267699,46.38000000,41.09200000,48.04
1749267699,46.30000000,0.25000000,48.04
1749267699,46.24000000,5.50000000,48.04
1749267699,46.22000000,0.26700000,48.04
1749267699,46.20000000,1.38200000,48.04
1749267699,46.18000000,0.26800000,48.04
1749267699,46.16000000,1.23300000,48.04
1749267699,46.13000000,2.51900000,48.04
1749267699,46.10000000,2.07600000,48.04
1749267699,46.04000000,0.39000000,48.04
1749268001,48.00000000,4.50000000,48.01
1749268001,47.99000000,5.06300000,48.01
1749268001,47.98000000,17.06300000,48.01
1749268001,47.97000000,49.48700000,48.01
1749268001,47.96000000,29.58200000,48.01
1749268001,47.95000000,70.68800000,48.01
1749268001,47.94000000,14.71400000,48.01
1749268001,47.93000000,36.11400000,48.01
1749268001,47.92000000,23.32500000,48.01
1749268001,47.91000000,87.91300000,48.01
1749268001,47.90000000,85.05600000,48.01
1749268001,47.89000000,48.86600000,48.01
1749268001,47.88000000,54.89300000,48.01
1749268001,47.87000000,17.65000000,48.01
1749268001,47.86000000,4.50000000,48.01
1749268001,47.85000000,17.06800000,48.01
1749268001,47.84000000,20.93600000,48.01
1749268001,47.83000000,7.53500000,48.01
1749268001,47.82000000,16.18600000,48.01
1749268001,47.81000000,75.42700000,48.01
1749268001,47.80000000,28.33300000,48.01
1749268001,47.79000000,13.93000000,48.01
1749268001,47.78000000,14.61500000,48.01
1749268001,47.77000000,4.50000000,48.01
