timestamp,price,volume,current_price
1749258457,0.01136000,35183.40000000,0.01136
1749258457,0.01135000,688893.30000000,0.01136
1749258457,0.01134000,1353554.40000000,0.01136
1749258457,0.01133000,1184207.10000000,0.01136
1749258457,0.01132000,343067.40000000,0.01136
1749258457,0.01131000,485970.60000000,0.01136
1749258457,0.01130000,703698.70000000,0.01136
1749258457,0.01129000,113242.70000000,0.01136
1749258457,0.01128000,167463.90000000,0.01136
1749258457,0.01127000,89233.80000000,0.01136
1749258457,0.01126000,98661.10000000,0.01136
1749258457,0.01125000,166322.10000000,0.01136
1749258457,0.01124000,555128.20000000,0.01136
1749258457,0.01123000,166024.50000000,0.01136
1749258457,0.01122000,106916.80000000,0.01136
1749258457,0.01121000,78580.10000000,0.01136
1749258457,0.01120000,69274.10000000,0.01136
1749258457,0.01119000,68296.40000000,0.01136
1749258457,0.01118000,409472.50000000,0.01136
1749258457,0.01117000,68879.60000000,0.01136
1749258457,0.01116000,22950.00000000,0.01136
1749258457,0.01115000,23515.90000000,0.01136
1749258457,0.01114000,27102.70000000,0.01136
1749258457,0.01113000,30997.50000000,0.01136
1749258457,0.01112000,23452.40000000,0.01136
1749258457,0.01111000,24750.10000000,0.01136
1749258457,0.01110000,28323.80000000,0.01136
1749258457,0.01106000,22950.00000000,0.01136
1749258457,0.01105000,25214.60000000,0.01136
1749258457,0.01104000,27443.00000000,0.01136
1749258457,0.01103000,1779.50000000,0.01136
1749258457,0.01102000,998.90000000,0.01136
1749258457,0.01101000,993.40000000,0.01136
1749258457,0.01100000,402440.70000000,0.01136
1749258457,0.01097000,502.40000000,0.01136
1749258457,0.01096000,2345.40000000,0.01136
1749258457,0.01095000,4493.00000000,0.01136
1749258457,0.01093000,14839.40000000,0.01136
1749258457,0.01092000,2313.00000000,0.01136
1749258457,0.01091000,45896.30000000,0.01136
1749258457,0.01090000,2770.40000000,0.01136
1749258457,0.01089000,95179.50000000,0.01136
1749258457,0.01086000,6148.90000000,0.01136
1749258457,0.01085000,2367.60000000,0.01136
1749258457,0.01083000,553.50000000,0.01136
1749258457,0.01082000,7237.80000000,0.01136
1749258457,0.01081000,46731.90000000,0.01136
1749258457,0.01080000,45500.00000000,0.01136
1749258457,0.01077000,7332.30000000,0.01136
1749258457,0.01075000,502.40000000,0.01136
1749258457,0.01071000,129448.70000000,0.01136
1749258457,0.01070000,982655.10000000,0.01136
1749258457,0.01069000,490.50000000,0.01136
1749258457,0.01068000,14465.70000000,0.01136
1749258457,0.01067000,502.40000000,0.01136
1749258457,0.01065000,3000.80000000,0.01136
1749258457,0.01063000,6838.10000000,0.01136
1749258457,0.01062000,47962.90000000,0.01136
1749258457,0.01061000,35200.00000000,0.01136
1749258457,0.01060000,6410.40000000,0.01136
1749258457,0.01058000,565.90000000,0.01136
1749258457,0.01056000,947.00000000,0.01136
1749258457,0.01055000,46500.00000000,0.01136
1749258457,0.01053000,808.20000000,0.01136
1749258457,0.01052000,8629.00000000,0.01136
1749258457,0.01051000,12941.70000000,0.01136
1749258457,0.01050000,89022.00000000,0.01136
1749258457,0.01049000,1519.20000000,0.01136
1749258457,0.01048000,46800.00000000,0.01136
1749258457,0.01046000,2870.40000000,0.01136
1749258457,0.01045000,1002.40000000,0.01136
1749258457,0.01043000,1795.00000000,0.01136
1749258457,0.01042000,51808.80000000,0.01136
1749258457,0.01041000,47526.20000000,0.01136
1749258457,0.01040000,7500.00000000,0.01136
1749258457,0.01039000,5378.20000000,0.01136
1749258457,0.01038000,1816.60000000,0.01136
1749258457,0.01037000,502.40000000,0.01136
1749258457,0.01034000,1810.70000000,0.01136
1749258457,0.01033000,5170.60000000,0.01136
1749258457,0.01030000,2354.30000000,0.01136
1749258457,0.01027000,49269.60000000,0.01136
1749258457,0.01025000,10117.10000000,0.01136
1749258457,0.01024000,4493.00000000,0.01136
1749258457,0.01023000,2132.00000000,0.01136
1749258457,0.01022000,1980.80000000,0.01136
1749258457,0.01021000,565.90000000,0.01136
1749258457,0.01019000,52346.20000000,0.01136
1749258457,0.01017000,2949.80000000,0.01136
1749258457,0.01016000,1842.70000000,0.01136
1749258457,0.01015000,60647.80000000,0.01136
1749258457,0.01011000,2247.30000000,0.01136
1749258457,0.01010000,185938.40000000,0.01136
1749258457,0.01009000,20925.70000000,0.01136
1749258457,0.01008000,992.00000000,0.01136
1749258457,0.01007000,2361.60000000,0.01136
1749258457,0.01006000,4493.00000000,0.01136
1749258457,0.01003000,5284.20000000,0.01136
1749258457,0.01002000,1119.40000000,0.01136
1749258457,0.01000000,496060.30000000,0.01136
1749258813,0.01134000,78161.80000000,0.01134
1749258813,0.01133000,1193232.20000000,0.01134
1749258813,0.01132000,1141267.80000000,0.01134
1749258813,0.01131000,686571.30000000,0.01134
1749258813,0.01130000,145860.70000000,0.01134
1749258813,0.01129000,603874.10000000,0.01134
1749258813,0.01128000,471112.70000000,0.01134
1749258813,0.01127000,114016.10000000,0.01134
1749258813,0.01126000,226078.80000000,0.01134
1749258813,0.01125000,53940.90000000,0.01134
1749258813,0.01124000,525837.30000000,0.01134
1749258813,0.01123000,166024.50000000,0.01134
1749258813,0.01122000,109122.30000000,0.01134
1749258813,0.01121000,104135.80000000,0.01134
1749258813,0.01120000,182153.00000000,0.01134
1749258813,0.01119000,68296.40000000,0.01134
1749258813,0.01118000,313455.90000000,0.01134
1749258813,0.01117000,68879.60000000,0.01134
1749258813,0.01116000,25155.50000000,0.01134
1749258813,0.01115000,23515.90000000,0.01134
1749258813,0.01114000,29308.20000000,0.01134
1749258813,0.01113000,30997.50000000,0.01134
1749258813,0.01112000,23452.40000000,0.01134
1749258813,0.01111000,24750.10000000,0.01134
1749258813,0.01110000,28323.80000000,0.01134
1749258813,0.01106000,22950.00000000,0.01134
1749258813,0.01105000,25214.60000000,0.01134
1749258813,0.01104000,27443.00000000,0.01134
1749258813,0.01103000,1779.50000000,0.01134
1749258813,0.01102000,998.90000000,0.01134
1749258813,0.01101000,993.40000000,0.01134
1749258813,0.01100000,402440.70000000,0.01134
1749258813,0.01097000,502.40000000,0.01134
1749258813,0.01096000,2345.40000000,0.01134
1749258813,0.01095000,4493.00000000,0.01134
1749258813,0.01093000,14839.40000000,0.01134
1749258813,0.01092000,2313.00000000,0.01134
1749258813,0.01091000,45896.30000000,0.01134
1749258813,0.01090000,2770.40000000,0.01134
1749258813,0.01089000,1779.50000000,0.01134
1749258813,0.01088000,93400.00000000,0.01134
1749258813,0.01086000,6148.90000000,0.01134
1749258813,0.01085000,2367.60000000,0.01134
1749258813,0.01083000,553.50000000,0.01134
1749258813,0.01082000,7237.80000000,0.01134
1749258813,0.01081000,46731.90000000,0.01134
1749258813,0.01080000,45500.00000000,0.01134
1749258813,0.01077000,7332.30000000,0.01134
1749258813,0.01076000,928.90000000,0.01134
1749258813,0.01075000,502.40000000,0.01134
1749258813,0.01071000,101818.10000000,0.01134
1749258813,0.01070000,982655.10000000,0.01134
1749258813,0.01069000,490.50000000,0.01134
1749258813,0.01068000,14465.70000000,0.01134
1749258813,0.01067000,502.40000000,0.01134
1749258813,0.01065000,3000.80000000,0.01134
1749258813,0.01063000,5897.80000000,0.01134
1749258813,0.01062000,47962.90000000,0.01134
1749258813,0.01061000,35200.00000000,0.01134
1749258813,0.01060000,6410.40000000,0.01134
1749258813,0.01058000,565.90000000,0.01134
1749258813,0.01055000,46500.00000000,0.01134
1749258813,0.01054000,948.80000000,0.01134
1749258813,0.01053000,808.20000000,0.01134
1749258813,0.01052000,8629.00000000,0.01134
1749258813,0.01051000,12941.70000000,0.01134
1749258813,0.01050000,89022.00000000,0.01134
1749258813,0.01049000,1519.20000000,0.01134
1749258813,0.01048000,46800.00000000,0.01134
1749258813,0.01046000,2870.40000000,0.01134
1749258813,0.01045000,1002.40000000,0.01134
1749258813,0.01043000,1795.00000000,0.01134
1749258813,0.01042000,51808.80000000,0.01134
1749258813,0.01041000,47526.20000000,0.01134
1749258813,0.01040000,7500.00000000,0.01134
1749258813,0.01039000,5378.20000000,0.01134
1749258813,0.01038000,1816.60000000,0.01134
1749258813,0.01037000,502.40000000,0.01134
1749258813,0.01034000,1810.70000000,0.01134
1749258813,0.01033000,5170.60000000,0.01134
1749258813,0.01030000,2354.30000000,0.01134
1749258813,0.01027000,49269.60000000,0.01134
1749258813,0.01025000,10117.10000000,0.01134
1749258813,0.01024000,4493.00000000,0.01134
1749258813,0.01022000,1980.80000000,0.01134
1749258813,0.01021000,565.90000000,0.01134
1749258813,0.01020000,2138.80000000,0.01134
1749258813,0.01019000,52346.20000000,0.01134
1749258813,0.01017000,2949.80000000,0.01134
1749258813,0.01016000,1842.70000000,0.01134
1749258813,0.01015000,60647.80000000,0.01134
1749258813,0.01011000,2247.30000000,0.01134
1749258813,0.01010000,185938.40000000,0.01134
1749258813,0.01009000,20925.70000000,0.01134
1749258813,0.01008000,992.00000000,0.01134
1749258813,0.01007000,2361.60000000,0.01134
1749258813,0.01006000,4493.00000000,0.01134
1749258813,0.01003000,5284.20000000,0.01134
1749258813,0.01002000,1119.40000000,0.01134
1749258813,0.01000000,496060.30000000,0.01134
1749259121,0.01133000,477.60000000,0.01133
1749259121,0.01132000,1027469.80000000,0.01133
1749259121,0.01131000,1654073.40000000,0.01133
1749259121,0.01130000,381890.30000000,0.01133
1749259121,0.01129000,329822.70000000,0.01133
1749259121,0.01128000,461761.90000000,0.01133
1749259121,0.01127000,137671.00000000,0.01133
1749259121,0.01126000,669564.10000000,0.01133
1749259121,0.01125000,207135.10000000,0.01133
1749259121,0.01124000,636116.90000000,0.01133
1749259121,0.01123000,112123.30000000,0.01133
1749259121,0.01122000,109122.30000000,0.01133
1749259121,0.01121000,104135.80000000,0.01133
1749259121,0.01120000,157785.30000000,0.01133
1749259121,0.01119000,68296.40000000,0.01133
1749259121,0.01118000,69305.60000000,0.01133
1749259121,0.01117000,169223.70000000,0.01133
1749259121,0.01116000,25155.50000000,0.01133
1749259121,0.01115000,268323.10000000,0.01133
1749259121,0.01114000,29308.20000000,0.01133
1749259121,0.01113000,30997.50000000,0.01133
1749259121,0.01112000,25656.00000000,0.01133
1749259121,0.01111000,24750.10000000,0.01133
1749259121,0.01110000,28323.80000000,0.01133
1749259121,0.01106000,22950.00000000,0.01133
1749259121,0.01105000,25214.60000000,0.01133
1749259121,0.01104000,4493.00000000,0.01133
1749259121,0.01103000,1779.50000000,0.01133
1749259121,0.01102000,998.90000000,0.01133
1749259121,0.01101000,23943.40000000,0.01133
1749259121,0.01100000,402440.70000000,0.01133
1749259121,0.01097000,502.40000000,0.01133
1749259121,0.01096000,2345.40000000,0.01133
1749259121,0.01095000,4493.00000000,0.01133
1749259121,0.01093000,14839.40000000,0.01133
1749259121,0.01092000,2313.00000000,0.01133
1749259121,0.01091000,45896.30000000,0.01133
1749259121,0.01090000,2770.40000000,0.01133
1749259121,0.01089000,1779.50000000,0.01133
1749259121,0.01088000,93400.00000000,0.01133
1749259121,0.01086000,6148.90000000,0.01133
1749259121,0.01085000,2367.60000000,0.01133
1749259121,0.01083000,553.50000000,0.01133
1749259121,0.01082000,7237.80000000,0.01133
1749259121,0.01081000,46731.90000000,0.01133
1749259121,0.01080000,45500.00000000,0.01133
1749259121,0.01077000,7332.30000000,0.01133
1749259121,0.01076000,928.90000000,0.01133
1749259121,0.01075000,502.40000000,0.01133
1749259121,0.01071000,98382.00000000,0.01133
1749259121,0.01070000,982655.10000000,0.01133
1749259121,0.01069000,490.50000000,0.01133
1749259121,0.01068000,14465.70000000,0.01133
1749259121,0.01067000,502.40000000,0.01133
1749259121,0.01065000,3000.80000000,0.01133
1749259121,0.01063000,5897.80000000,0.01133
1749259121,0.01062000,47962.90000000,0.01133
1749259121,0.01061000,35200.00000000,0.01133
1749259121,0.01060000,6410.40000000,0.01133
1749259121,0.01058000,565.90000000,0.01133
1749259121,0.01055000,46500.00000000,0.01133
1749259121,0.01054000,948.80000000,0.01133
1749259121,0.01053000,808.20000000,0.01133
1749259121,0.01052000,8629.00000000,0.01133
1749259121,0.01051000,12941.70000000,0.01133
1749259121,0.01050000,89022.00000000,0.01133
1749259121,0.01049000,1519.20000000,0.01133
1749259121,0.01048000,46800.00000000,0.01133
1749259121,0.01046000,2870.40000000,0.01133
1749259121,0.01045000,1002.40000000,0.01133
1749259121,0.01043000,1795.00000000,0.01133
1749259121,0.01042000,51808.80000000,0.01133
1749259121,0.01041000,47526.20000000,0.01133
1749259121,0.01040000,7500.00000000,0.01133
1749259121,0.01039000,5378.20000000,0.01133
1749259121,0.01038000,1816.60000000,0.01133
1749259121,0.01037000,502.40000000,0.01133
1749259121,0.01034000,1810.70000000,0.01133
1749259121,0.01033000,5170.60000000,0.01133
1749259121,0.01030000,2354.30000000,0.01133
1749259121,0.01027000,49269.60000000,0.01133
1749259121,0.01025000,10117.10000000,0.01133
1749259121,0.01024000,4493.00000000,0.01133
1749259121,0.01022000,1980.80000000,0.01133
1749259121,0.01021000,565.90000000,0.01133
1749259121,0.01020000,2138.80000000,0.01133
1749259121,0.01019000,52346.20000000,0.01133
1749259121,0.01017000,2949.80000000,0.01133
1749259121,0.01016000,1842.70000000,0.01133
1749259121,0.01015000,60647.80000000,0.01133
1749259121,0.01011000,2247.30000000,0.01133
1749259121,0.01010000,185938.40000000,0.01133
1749259121,0.01009000,20925.70000000,0.01133
1749259121,0.01008000,992.00000000,0.01133
1749259121,0.01007000,2361.60000000,0.01133
1749259121,0.01006000,4493.00000000,0.01133
1749259121,0.01003000,5284.20000000,0.01133
1749259121,0.01002000,1119.40000000,0.01133
1749259121,0.01000000,496060.30000000,0.01133
1749259121,0.00999000,338734.10000000,0.01133
