timestamp,price,volume,current_price
1749254711,0.01115000,263007.30000000,0.01116
1749254711,0.01114000,1476099.40000000,0.01116
1749254711,0.01113000,1070485.60000000,0.01116
1749254711,0.01112000,552300.70000000,0.01116
1749254711,0.01111000,363468.90000000,0.01116
1749254711,0.01110000,716949.50000000,0.01116
1749254711,0.01109000,111512.00000000,0.01116
1749254711,0.01108000,1014225.80000000,0.01116
1749254711,0.01107000,69339.20000000,0.01116
1749254711,0.01106000,231455.30000000,0.01116
1749254711,0.01105000,83247.70000000,0.01116
1749254711,0.01104000,49731.30000000,0.01116
1749254711,0.01103000,91185.30000000,0.01116
1749254711,0.01102000,28146.80000000,0.01116
1749254711,0.01101000,71686.70000000,0.01116
1749254711,0.01100000,424923.30000000,0.01116
1749254711,0.01099000,395930.30000000,0.01116
1749254711,0.01097000,23452.40000000,0.01116
1749254711,0.01096000,2345.40000000,0.01116
1749254711,0.01095000,4493.00000000,0.01116
1749254711,0.01093000,26783.90000000,0.01116
1749254711,0.01092000,25263.00000000,0.01116
1749254711,0.01091000,68846.30000000,0.01116
1749254711,0.01090000,25720.40000000,0.01116
1749254711,0.01089000,27858.30000000,0.01116
1749254711,0.01087000,22950.00000000,0.01116
1749254711,0.01086000,194940.50000000,0.01116
1749254711,0.01085000,2367.60000000,0.01116
1749254711,0.01084000,22950.00000000,0.01116
1749254711,0.01083000,553.50000000,0.01116
1749254711,0.01082000,7237.80000000,0.01116
1749254711,0.01081000,69681.90000000,0.01116
1749254711,0.01080000,45500.00000000,0.01116
1749254711,0.01077000,7332.30000000,0.01116
1749254711,0.01075000,502.40000000,0.01116
1749254711,0.01071000,93448.10000000,0.01116
1749254711,0.01070000,982655.10000000,0.01116
1749254711,0.01069000,490.50000000,0.01116
1749254711,0.01068000,14465.70000000,0.01116
1749254711,0.01067000,502.40000000,0.01116
1749254711,0.01065000,3939.80000000,0.01116
1749254711,0.01063000,6838.10000000,0.01116
1749254711,0.01062000,47962.90000000,0.01116
1749254711,0.01061000,35200.00000000,0.01116
1749254711,0.01060000,6410.40000000,0.01116
1749254711,0.01058000,565.90000000,0.01116
1749254711,0.01055000,46500.00000000,0.01116
1749254711,0.01053000,808.20000000,0.01116
1749254711,0.01052000,8629.00000000,0.01116
1749254711,0.01051000,12941.70000000,0.01116
1749254711,0.01050000,91422.30000000,0.01116
1749254711,0.01049000,1519.20000000,0.01116
1749254711,0.01048000,46800.00000000,0.01116
1749254711,0.01046000,2870.40000000,0.01116
1749254711,0.01045000,1002.40000000,0.01116
1749254711,0.01043000,1795.00000000,0.01116
1749254711,0.01042000,51808.80000000,0.01116
1749254711,0.01041000,47526.20000000,0.01116
1749254711,0.01039000,5378.20000000,0.01116
1749254711,0.01038000,1816.60000000,0.01116
1749254711,0.01037000,502.40000000,0.01116
1749254711,0.01034000,1810.70000000,0.01116
1749254711,0.01033000,5170.60000000,0.01116
1749254711,0.01030000,2354.30000000,0.01116
1749254711,0.01027000,49269.60000000,0.01116
1749254711,0.01025000,10117.10000000,0.01116
1749254711,0.01024000,4493.00000000,0.01116
1749254711,0.01022000,1980.80000000,0.01116
1749254711,0.01021000,565.90000000,0.01116
1749254711,0.01019000,52346.20000000,0.01116
1749254711,0.01017000,2949.80000000,0.01116
1749254711,0.01016000,1842.70000000,0.01116
1749254711,0.01015000,60647.80000000,0.01116
1749254711,0.01011000,2247.30000000,0.01116
1749254711,0.01010000,185938.40000000,0.01116
1749254711,0.01009000,20925.70000000,0.01116
1749254711,0.01008000,992.00000000,0.01116
1749254711,0.01007000,2361.60000000,0.01116
1749254711,0.01006000,4493.00000000,0.01116
1749254711,0.01003000,7457.40000000,0.01116
1749254711,0.01002000,1119.40000000,0.01116
1749254711,0.01000000,496060.30000000,0.01116
1749254711,0.00999000,338734.10000000,0.01116
1749254711,0.00998000,1876.00000000,0.01116
1749254711,0.00997000,4493.00000000,0.01116
1749254711,0.00996000,3505.60000000,0.01116
1749254711,0.00992000,565.90000000,0.01116
1749254711,0.00990000,9504.00000000,0.01116
1749254711,0.00989000,1893.10000000,0.01116
1749254711,0.00988000,5009.10000000,0.01116
1749254711,0.00987000,20000.00000000,0.01116
1749254711,0.00986000,9127.70000000,0.01116
1749254711,0.00983000,565.90000000,0.01116
1749254711,0.00981000,510.00000000,0.01116
1749254711,0.00980000,10995.20000000,0.01116
1749254711,0.00979000,4157.70000000,0.01116
1749254711,0.00977000,8770.10000000,0.01116
1749254711,0.00976000,10194.60000000,0.01116
1749254711,0.00974000,1079.30000000,0.01116
1749254711,0.00972000,1926.20000000,0.01116
1749255042,0.01116000,74216.30000000,0.01117
1749255042,0.01115000,984456.80000000,0.01117
1749255042,0.01114000,1169005.30000000,0.01117
1749255042,0.01113000,812067.40000000,0.01117
1749255042,0.01112000,522686.50000000,0.01117
1749255042,0.01111000,777677.20000000,0.01117
1749255042,0.01110000,195269.00000000,0.01117
1749255042,0.01109000,111512.00000000,0.01117
1749255042,0.01108000,1014350.80000000,0.01117
1749255042,0.01107000,69337.20000000,0.01117
1749255042,0.01106000,231383.90000000,0.01117
1749255042,0.01105000,69364.70000000,0.01117
1749255042,0.01104000,49731.30000000,0.01117
1749255042,0.01103000,102846.20000000,0.01117
1749255042,0.01102000,54143.10000000,0.01117
1749255042,0.01101000,71686.70000000,0.01117
1749255042,0.01100000,424923.30000000,0.01117
1749255042,0.01099000,370088.80000000,0.01117
1749255042,0.01097000,23452.40000000,0.01117
1749255042,0.01096000,2345.40000000,0.01117
1749255042,0.01095000,4493.00000000,0.01117
1749255042,0.01093000,26783.90000000,0.01117
1749255042,0.01092000,51270.10000000,0.01117
1749255042,0.01091000,68846.30000000,0.01117
1749255042,0.01090000,25720.40000000,0.01117
1749255042,0.01089000,1779.50000000,0.01117
1749255042,0.01087000,22950.00000000,0.01117
1749255042,0.01086000,194940.50000000,0.01117
1749255042,0.01085000,2367.60000000,0.01117
1749255042,0.01084000,22950.00000000,0.01117
1749255042,0.01083000,553.50000000,0.01117
1749255042,0.01082000,7237.80000000,0.01117
1749255042,0.01081000,69681.90000000,0.01117
1749255042,0.01080000,45500.00000000,0.01117
1749255042,0.01077000,7332.30000000,0.01117
1749255042,0.01075000,502.40000000,0.01117
1749255042,0.01071000,93448.10000000,0.01117
1749255042,0.01070000,982655.10000000,0.01117
1749255042,0.01069000,490.50000000,0.01117
1749255042,0.01068000,14465.70000000,0.01117
1749255042,0.01067000,502.40000000,0.01117
1749255042,0.01065000,3939.80000000,0.01117
1749255042,0.01063000,6838.10000000,0.01117
1749255042,0.01062000,47962.90000000,0.01117
1749255042,0.01061000,35200.00000000,0.01117
1749255042,0.01060000,6410.40000000,0.01117
1749255042,0.01058000,565.90000000,0.01117
1749255042,0.01055000,46500.00000000,0.01117
1749255042,0.01053000,808.20000000,0.01117
1749255042,0.01052000,8629.00000000,0.01117
1749255042,0.01051000,12941.70000000,0.01117
1749255042,0.01050000,91422.30000000,0.01117
1749255042,0.01049000,1519.20000000,0.01117
1749255042,0.01048000,46800.00000000,0.01117
1749255042,0.01046000,2870.40000000,0.01117
1749255042,0.01045000,1002.40000000,0.01117
1749255042,0.01043000,1795.00000000,0.01117
1749255042,0.01042000,51808.80000000,0.01117
1749255042,0.01041000,47526.20000000,0.01117
1749255042,0.01039000,5378.20000000,0.01117
1749255042,0.01038000,1816.60000000,0.01117
1749255042,0.01037000,502.40000000,0.01117
1749255042,0.01034000,1810.70000000,0.01117
1749255042,0.01033000,5170.60000000,0.01117
1749255042,0.01030000,2354.30000000,0.01117
1749255042,0.01027000,49269.60000000,0.01117
1749255042,0.01025000,10117.10000000,0.01117
1749255042,0.01024000,4493.00000000,0.01117
1749255042,0.01022000,1980.80000000,0.01117
1749255042,0.01021000,565.90000000,0.01117
1749255042,0.01019000,52346.20000000,0.01117
1749255042,0.01017000,2949.80000000,0.01117
1749255042,0.01016000,1842.70000000,0.01117
1749255042,0.01015000,60647.80000000,0.01117
1749255042,0.01011000,2247.30000000,0.01117
1749255042,0.01010000,185938.40000000,0.01117
1749255042,0.01009000,20925.70000000,0.01117
1749255042,0.01008000,992.00000000,0.01117
1749255042,0.01007000,2361.60000000,0.01117
1749255042,0.01006000,4493.00000000,0.01117
1749255042,0.01003000,7457.40000000,0.01117
1749255042,0.01002000,1119.40000000,0.01117
1749255042,0.01000000,496060.30000000,0.01117
1749255042,0.00999000,338734.10000000,0.01117
1749255042,0.00998000,1876.00000000,0.01117
1749255042,0.00997000,4493.00000000,0.01117
1749255042,0.00996000,3505.60000000,0.01117
1749255042,0.00992000,565.90000000,0.01117
1749255042,0.00990000,9504.00000000,0.01117
1749255042,0.00989000,1893.10000000,0.01117
1749255042,0.00988000,5009.10000000,0.01117
1749255042,0.00987000,20000.00000000,0.01117
1749255042,0.00986000,9127.70000000,0.01117
1749255042,0.00983000,565.90000000,0.01117
1749255042,0.00981000,510.00000000,0.01117
1749255042,0.00980000,10995.20000000,0.01117
1749255042,0.00979000,4157.70000000,0.01117
1749255042,0.00977000,8770.10000000,0.01117
1749255042,0.00976000,10194.60000000,0.01117
1749255042,0.00974000,1079.30000000,0.01117
