timestamp,price,volume,current_price
1749260844,0.01132000,127396.60000000,0.01131
1749260844,0.01131000,652537.60000000,0.01131
1749260844,0.01130000,1669493.40000000,0.01131
1749260844,0.01129000,629470.70000000,0.01131
1749260844,0.01128000,673587.30000000,0.01131
1749260844,0.01127000,435446.00000000,0.01131
1749260844,0.01126000,130203.30000000,0.01131
1749260844,0.01125000,571907.50000000,0.01131
1749260844,0.01124000,228311.30000000,0.01131
1749260844,0.01123000,165771.00000000,0.01131
1749260844,0.01122000,113599.50000000,0.01131
1749260844,0.01121000,108789.30000000,0.01131
1749260844,0.01120000,961400.70000000,0.01131
1749260844,0.01119000,154660.80000000,0.01131
1749260844,0.01118000,67100.10000000,0.01131
1749260844,0.01117000,124901.10000000,0.01131
1749260844,0.01116000,22950.00000000,0.01131
1749260844,0.01115000,294016.30000000,0.01131
1749260844,0.01114000,52819.00000000,0.01131
1749260844,0.01113000,130122.60000000,0.01131
1749260844,0.01112000,23452.40000000,0.01131
1749260844,0.01111000,50535.80000000,0.01131
1749260844,0.01110000,28323.80000000,0.01131
1749260844,0.01106000,22950.00000000,0.01131
1749260844,0.01105000,25214.60000000,0.01131
1749260844,0.01104000,4493.00000000,0.01131
1749260844,0.01103000,1779.50000000,0.01131
1749260844,0.01102000,998.90000000,0.01131
1749260844,0.01101000,23943.40000000,0.01131
1749260844,0.01100000,425390.70000000,0.01131
1749260844,0.01097000,1049.30000000,0.01131
1749260844,0.01096000,2345.40000000,0.01131
1749260844,0.01095000,4493.00000000,0.01131
1749260844,0.01094000,22950.00000000,0.01131
1749260844,0.01093000,14839.40000000,0.01131
1749260844,0.01092000,2313.00000000,0.01131
1749260844,0.01091000,45896.30000000,0.01131
1749260844,0.01090000,2770.40000000,0.01131
1749260844,0.01089000,1779.50000000,0.01131
1749260844,0.01086000,6148.90000000,0.01131
1749260844,0.01085000,2367.60000000,0.01131
1749260844,0.01083000,553.50000000,0.01131
1749260844,0.01082000,7237.80000000,0.01131
1749260844,0.01081000,46731.90000000,0.01131
1749260844,0.01080000,45500.00000000,0.01131
1749260844,0.01077000,7332.30000000,0.01131
1749260844,0.01076000,928.90000000,0.01131
1749260844,0.01075000,502.40000000,0.01131
1749260844,0.01071000,93448.10000000,0.01131
1749260844,0.01070000,982655.10000000,0.01131
1749260844,0.01069000,490.50000000,0.01131
1749260844,0.01068000,14465.70000000,0.01131
1749260844,0.01067000,502.40000000,0.01131
1749260844,0.01065000,3000.80000000,0.01131
1749260844,0.01063000,6744.50000000,0.01131
1749260844,0.01062000,47962.90000000,0.01131
1749260844,0.01061000,35200.00000000,0.01131
1749260844,0.01060000,6410.40000000,0.01131
1749260844,0.01059000,944.30000000,0.01131
1749260844,0.01058000,565.90000000,0.01131
1749260844,0.01055000,46500.00000000,0.01131
1749260844,0.01053000,808.20000000,0.01131
1749260844,0.01052000,8629.00000000,0.01131
1749260844,0.01051000,12941.70000000,0.01131
1749260844,0.01050000,89022.00000000,0.01131
1749260844,0.01049000,1519.20000000,0.01131
1749260844,0.01048000,46800.00000000,0.01131
1749260844,0.01046000,2870.40000000,0.01131
1749260844,0.01045000,1002.40000000,0.01131
1749260844,0.01043000,1795.00000000,0.01131
1749260844,0.01042000,51808.80000000,0.01131
1749260844,0.01041000,47526.20000000,0.01131
1749260844,0.01040000,7500.00000000,0.01131
1749260844,0.01039000,5378.20000000,0.01131
1749260844,0.01038000,1816.60000000,0.01131
1749260844,0.01037000,502.40000000,0.01131
1749260844,0.01034000,1810.70000000,0.01131
1749260844,0.01033000,5170.60000000,0.01131
1749260844,0.01030000,2354.30000000,0.01131
1749260844,0.01029000,1166.20000000,0.01131
1749260844,0.01027000,584.20000000,0.01131
1749260844,0.01025000,10117.10000000,0.01131
1749260844,0.01024000,4493.00000000,0.01131
1749260844,0.01022000,1980.80000000,0.01131
1749260844,0.01021000,565.90000000,0.01131
1749260844,0.01019000,52346.20000000,0.01131
1749260844,0.01017000,5094.20000000,0.01131
1749260844,0.01016000,1842.70000000,0.01131
1749260844,0.01015000,60647.80000000,0.01131
1749260844,0.01011000,2247.30000000,0.01131
1749260844,0.01010000,185938.40000000,0.01131
1749260844,0.01009000,20925.70000000,0.01131
1749260844,0.01008000,992.00000000,0.01131
1749260844,0.01007000,2361.60000000,0.01131
1749260844,0.01006000,4493.00000000,0.01131
1749260844,0.01003000,5284.20000000,0.01131
1749260844,0.01002000,1119.40000000,0.01131
1749260844,0.01000000,496060.30000000,0.01131
1749260844,0.00999000,338734.10000000,0.01131
1749260844,0.00998000,1876.00000000,0.01131
1749261170,0.01131000,83234.30000000,0.01132
1749261170,0.01130000,1178873.00000000,0.01132
1749261170,0.01129000,1302568.80000000,0.01132
1749261170,0.01128000,642308.00000000,0.01132
1749261170,0.01127000,587139.50000000,0.01132
1749261170,0.01126000,180875.20000000,0.01132
1749261170,0.01125000,260947.50000000,0.01132
1749261170,0.01124000,555320.90000000,0.01132
1749261170,0.01123000,166324.30000000,0.01132
1749261170,0.01122000,113246.90000000,0.01132
1749261170,0.01121000,163063.50000000,0.01132
1749261170,0.01120000,1072074.10000000,0.01132
1749261170,0.01119000,93897.80000000,0.01132
1749261170,0.01118000,67100.10000000,0.01132
1749261170,0.01117000,124901.10000000,0.01132
1749261170,0.01116000,22950.00000000,0.01132
1749261170,0.01115000,268323.10000000,0.01132
1749261170,0.01114000,78535.30000000,0.01132
1749261170,0.01113000,130122.60000000,0.01132
1749261170,0.01112000,23452.40000000,0.01132
1749261170,0.01111000,24750.10000000,0.01132
1749261170,0.01110000,28323.80000000,0.01132
1749261170,0.01106000,22950.00000000,0.01132
1749261170,0.01105000,25214.60000000,0.01132
1749261170,0.01104000,4493.00000000,0.01132
1749261170,0.01103000,1779.50000000,0.01132
1749261170,0.01102000,998.90000000,0.01132
1749261170,0.01101000,23943.40000000,0.01132
1749261170,0.01100000,425390.70000000,0.01132
1749261170,0.01097000,1049.30000000,0.01132
1749261170,0.01096000,2345.40000000,0.01132
1749261170,0.01095000,4493.00000000,0.01132
1749261170,0.01094000,22950.00000000,0.01132
1749261170,0.01093000,14839.40000000,0.01132
1749261170,0.01092000,2313.00000000,0.01132
1749261170,0.01091000,45896.30000000,0.01132
1749261170,0.01090000,2770.40000000,0.01132
1749261170,0.01089000,1779.50000000,0.01132
1749261170,0.01086000,6148.90000000,0.01132
1749261170,0.01085000,95767.60000000,0.01132
1749261170,0.01083000,553.50000000,0.01132
1749261170,0.01082000,7237.80000000,0.01132
1749261170,0.01081000,46731.90000000,0.01132
1749261170,0.01080000,45500.00000000,0.01132
1749261170,0.01077000,7332.30000000,0.01132
1749261170,0.01076000,928.90000000,0.01132
1749261170,0.01075000,502.40000000,0.01132
1749261170,0.01071000,93448.10000000,0.01132
1749261170,0.01070000,982655.10000000,0.01132
1749261170,0.01069000,490.50000000,0.01132
1749261170,0.01068000,14465.70000000,0.01132
1749261170,0.01067000,502.40000000,0.01132
1749261170,0.01065000,3000.80000000,0.01132
1749261170,0.01063000,6744.50000000,0.01132
1749261170,0.01062000,47962.90000000,0.01132
1749261170,0.01061000,35200.00000000,0.01132
1749261170,0.01060000,6410.40000000,0.01132
1749261170,0.01059000,944.30000000,0.01132
1749261170,0.01058000,565.90000000,0.01132
1749261170,0.01055000,46500.00000000,0.01132
1749261170,0.01053000,808.20000000,0.01132
1749261170,0.01052000,8629.00000000,0.01132
1749261170,0.01051000,12941.70000000,0.01132
1749261170,0.01050000,89022.00000000,0.01132
1749261170,0.01049000,1519.20000000,0.01132
1749261170,0.01048000,46800.00000000,0.01132
1749261170,0.01046000,2870.40000000,0.01132
1749261170,0.01045000,1002.40000000,0.01132
1749261170,0.01043000,1795.00000000,0.01132
1749261170,0.01042000,51808.80000000,0.01132
1749261170,0.01041000,47526.20000000,0.01132
1749261170,0.01040000,7500.00000000,0.01132
1749261170,0.01039000,5378.20000000,0.01132
1749261170,0.01038000,1816.60000000,0.01132
1749261170,0.01037000,502.40000000,0.01132
1749261170,0.01034000,1810.70000000,0.01132
1749261170,0.01033000,5170.60000000,0.01132
1749261170,0.01030000,2354.30000000,0.01132
1749261170,0.01029000,1166.20000000,0.01132
1749261170,0.01027000,584.20000000,0.01132
1749261170,0.01025000,10117.10000000,0.01132
1749261170,0.01024000,4493.00000000,0.01132
1749261170,0.01022000,1980.80000000,0.01132
1749261170,0.01021000,565.90000000,0.01132
1749261170,0.01019000,52346.20000000,0.01132
1749261170,0.01017000,5094.20000000,0.01132
1749261170,0.01016000,1842.70000000,0.01132
1749261170,0.01015000,60647.80000000,0.01132
1749261170,0.01011000,2247.30000000,0.01132
1749261170,0.01010000,185938.40000000,0.01132
1749261170,0.01009000,20925.70000000,0.01132
1749261170,0.01008000,992.00000000,0.01132
1749261170,0.01007000,2361.60000000,0.01132
1749261170,0.01006000,4493.00000000,0.01132
1749261170,0.01003000,5284.20000000,0.01132
1749261170,0.01002000,1119.40000000,0.01132
1749261170,0.01000000,496060.30000000,0.01132
1749261170,0.00999000,338734.10000000,0.01132
1749261170,0.00998000,1876.00000000,0.01132
1749261170,0.00997000,4493.00000000,0.01132
1749261485,0.01132000,50031.90000000,0.01132
1749261485,0.01131000,730120.50000000,0.01132
1749261485,0.01130000,1464824.40000000,0.01132
1749261485,0.01129000,639018.60000000,0.01132
1749261485,0.01128000,582834.80000000,0.01132
1749261485,0.01127000,427024.60000000,0.01132
1749261485,0.01126000,580658.00000000,0.01132
1749261485,0.01125000,207652.80000000,0.01132
1749261485,0.01124000,336037.60000000,0.01132
1749261485,0.01123000,112123.30000000,0.01132
1749261485,0.01122000,113246.90000000,0.01132
1749261485,0.01121000,163063.50000000,0.01132
1749261485,0.01120000,961400.70000000,0.01132
1749261485,0.01119000,93897.80000000,0.01132
1749261485,0.01118000,67100.10000000,0.01132
1749261485,0.01117000,124901.10000000,0.01132
1749261485,0.01116000,22950.00000000,0.01132
1749261485,0.01115000,268323.10000000,0.01132
1749261485,0.01114000,52819.00000000,0.01132
1749261485,0.01113000,130122.60000000,0.01132
1749261485,0.01112000,23452.40000000,0.01132
1749261485,0.01111000,50535.80000000,0.01132
1749261485,0.01110000,28323.80000000,0.01132
1749261485,0.01106000,22950.00000000,0.01132
1749261485,0.01105000,25214.60000000,0.01132
1749261485,0.01104000,4493.00000000,0.01132
1749261485,0.01103000,1779.50000000,0.01132
1749261485,0.01102000,998.90000000,0.01132
1749261485,0.01101000,23943.40000000,0.01132
1749261485,0.01100000,425390.70000000,0.01132
1749261485,0.01097000,1049.30000000,0.01132
1749261485,0.01096000,2345.40000000,0.01132
1749261485,0.01095000,4493.00000000,0.01132
1749261485,0.01094000,22950.00000000,0.01132
1749261485,0.01093000,14839.40000000,0.01132
1749261485,0.01092000,2313.00000000,0.01132
1749261485,0.01091000,45896.30000000,0.01132
1749261485,0.01090000,2770.40000000,0.01132
1749261485,0.01089000,1779.50000000,0.01132
1749261485,0.01086000,6148.90000000,0.01132
1749261485,0.01085000,2367.60000000,0.01132
1749261485,0.01083000,553.50000000,0.01132
1749261485,0.01082000,7237.80000000,0.01132
1749261485,0.01081000,46731.90000000,0.01132
1749261485,0.01080000,45500.00000000,0.01132
1749261485,0.01077000,7332.30000000,0.01132
1749261485,0.01076000,928.90000000,0.01132
1749261485,0.01075000,502.40000000,0.01132
1749261485,0.01071000,93448.10000000,0.01132
1749261485,0.01070000,982655.10000000,0.01132
1749261485,0.01069000,490.50000000,0.01132
1749261485,0.01068000,14465.70000000,0.01132
1749261485,0.01067000,502.40000000,0.01132
1749261485,0.01065000,3000.80000000,0.01132
1749261485,0.01063000,6744.50000000,0.01132
1749261485,0.01062000,47962.90000000,0.01132
1749261485,0.01061000,36142.60000000,0.01132
1749261485,0.01060000,6410.40000000,0.01132
1749261485,0.01058000,565.90000000,0.01132
1749261485,0.01055000,46500.00000000,0.01132
1749261485,0.01053000,808.20000000,0.01132
1749261485,0.01052000,8629.00000000,0.01132
1749261485,0.01051000,12941.70000000,0.01132
1749261485,0.01050000,89022.00000000,0.01132
1749261485,0.01049000,1519.20000000,0.01132
1749261485,0.01048000,46800.00000000,0.01132
1749261485,0.01046000,2870.40000000,0.01132
1749261485,0.01045000,1002.40000000,0.01132
1749261485,0.01043000,1795.00000000,0.01132
1749261485,0.01042000,51808.80000000,0.01132
1749261485,0.01041000,47526.20000000,0.01132
1749261485,0.01040000,7500.00000000,0.01132
1749261485,0.01039000,5378.20000000,0.01132
1749261485,0.01038000,1816.60000000,0.01132
1749261485,0.01037000,502.40000000,0.01132
1749261485,0.01034000,1810.70000000,0.01132
1749261485,0.01033000,5170.60000000,0.01132
1749261485,0.01030000,2354.30000000,0.01132
1749261485,0.01029000,1166.20000000,0.01132
1749261485,0.01027000,584.20000000,0.01132
1749261485,0.01025000,10117.10000000,0.01132
1749261485,0.01024000,4493.00000000,0.01132
1749261485,0.01022000,1980.80000000,0.01132
1749261485,0.01021000,565.90000000,0.01132
1749261485,0.01019000,54486.60000000,0.01132
1749261485,0.01017000,2949.80000000,0.01132
1749261485,0.01016000,1842.70000000,0.01132
1749261485,0.01015000,60647.80000000,0.01132
1749261485,0.01011000,2247.30000000,0.01132
1749261485,0.01010000,185938.40000000,0.01132
1749261485,0.01009000,20925.70000000,0.01132
1749261485,0.01008000,992.00000000,0.01132
1749261485,0.01007000,2361.60000000,0.01132
1749261485,0.01006000,4493.00000000,0.01132
1749261485,0.01003000,5284.20000000,0.01132
1749261485,0.01002000,1119.40000000,0.01132
1749261485,0.01000000,496060.30000000,0.01132
1749261485,0.00999000,338734.10000000,0.01132
1749261485,0.00998000,1876.00000000,0.01132
1749261485,0.00997000,4493.00000000,0.01132
1749261796,0.01129000,260471.70000000,0.0113
1749261796,0.01128000,1428568.80000000,0.0113
1749261796,0.01127000,1488171.30000000,0.0113
1749261796,0.01126000,525511.00000000,0.0113
1749261796,0.01125000,622358.90000000,0.0113
1749261796,0.01124000,187063.10000000,0.0113
1749261796,0.01123000,165862.40000000,0.0113
1749261796,0.01122000,228068.60000000,0.0113
1749261796,0.01121000,108510.70000000,0.0113
1749261796,0.01120000,1047603.60000000,0.0113
1749261796,0.01119000,204670.10000000,0.0113
1749261796,0.01118000,67100.10000000,0.0113
1749261796,0.01117000,124901.10000000,0.0113
1749261796,0.01116000,22950.00000000,0.0113
1749261796,0.01115000,268323.10000000,0.0113
1749261796,0.01114000,52819.00000000,0.0113
1749261796,0.01113000,126568.10000000,0.0113
1749261796,0.01112000,23452.40000000,0.0113
1749261796,0.01111000,54097.00000000,0.0113
1749261796,0.01110000,28323.80000000,0.0113
1749261796,0.01106000,22950.00000000,0.0113
1749261796,0.01105000,25214.60000000,0.0113
1749261796,0.01104000,4493.00000000,0.0113
1749261796,0.01103000,1779.50000000,0.0113
1749261796,0.01102000,998.90000000,0.0113
1749261796,0.01101000,23943.40000000,0.0113
1749261796,0.01100000,425390.70000000,0.0113
1749261796,0.01097000,1049.30000000,0.0113
1749261796,0.01096000,2345.40000000,0.0113
1749261796,0.01095000,4493.00000000,0.0113
1749261796,0.01094000,22950.00000000,0.0113
1749261796,0.01093000,3833.90000000,0.0113
1749261796,0.01092000,2313.00000000,0.0113
1749261796,0.01091000,68846.30000000,0.0113
1749261796,0.01090000,2770.40000000,0.0113
1749261796,0.01089000,1779.50000000,0.0113
1749261796,0.01086000,6148.90000000,0.0113
1749261796,0.01085000,95767.60000000,0.0113
1749261796,0.01083000,553.50000000,0.0113
1749261796,0.01082000,7237.80000000,0.0113
1749261796,0.01081000,46731.90000000,0.0113
1749261796,0.01080000,45500.00000000,0.0113
1749261796,0.01077000,7332.30000000,0.0113
1749261796,0.01076000,928.90000000,0.0113
1749261796,0.01075000,502.40000000,0.0113
1749261796,0.01071000,97859.20000000,0.0113
1749261796,0.01070000,982655.10000000,0.0113
1749261796,0.01069000,490.50000000,0.0113
1749261796,0.01068000,14465.70000000,0.0113
1749261796,0.01067000,502.40000000,0.0113
1749261796,0.01065000,3000.80000000,0.0113
1749261796,0.01063000,6744.50000000,0.0113
1749261796,0.01062000,47962.90000000,0.0113
1749261796,0.01061000,36142.60000000,0.0113
1749261796,0.01060000,6410.40000000,0.0113
1749261796,0.01058000,565.90000000,0.0113
1749261796,0.01055000,46500.00000000,0.0113
1749261796,0.01053000,808.20000000,0.0113
1749261796,0.01052000,8629.00000000,0.0113
1749261796,0.01051000,12941.70000000,0.0113
1749261796,0.01050000,89022.00000000,0.0113
1749261796,0.01049000,1519.20000000,0.0113
1749261796,0.01048000,46800.00000000,0.0113
1749261796,0.01046000,2870.40000000,0.0113
1749261796,0.01045000,1002.40000000,0.0113
1749261796,0.01043000,1795.00000000,0.0113
1749261796,0.01042000,51808.80000000,0.0113
1749261796,0.01041000,47526.20000000,0.0113
1749261796,0.01040000,7500.00000000,0.0113
1749261796,0.01039000,5378.20000000,0.0113
1749261796,0.01038000,1816.60000000,0.0113
1749261796,0.01037000,502.40000000,0.0113
1749261796,0.01034000,1810.70000000,0.0113
1749261796,0.01033000,5170.60000000,0.0113
1749261796,0.01030000,2354.30000000,0.0113
1749261796,0.01029000,1166.20000000,0.0113
1749261796,0.01027000,584.20000000,0.0113
1749261796,0.01025000,10117.10000000,0.0113
1749261796,0.01024000,4493.00000000,0.0113
1749261796,0.01022000,1980.80000000,0.0113
1749261796,0.01021000,565.90000000,0.0113
1749261796,0.01019000,54486.60000000,0.0113
1749261796,0.01017000,2949.80000000,0.0113
1749261796,0.01016000,1842.70000000,0.0113
1749261796,0.01015000,60647.80000000,0.0113
1749261796,0.01011000,2247.30000000,0.0113
1749261796,0.01010000,185938.40000000,0.0113
1749261796,0.01009000,20925.70000000,0.0113
1749261796,0.01008000,992.00000000,0.0113
1749261796,0.01007000,2361.60000000,0.0113
1749261796,0.01006000,4493.00000000,0.0113
1749261796,0.01003000,5284.20000000,0.0113
1749261796,0.01002000,1119.40000000,0.0113
1749261796,0.01000000,496060.30000000,0.0113
1749261796,0.00999000,338734.10000000,0.0113
1749261796,0.00998000,1876.00000000,0.0113
1749261796,0.00997000,4493.00000000,0.0113
1749261796,0.00996000,3505.60000000,0.0113
1749261796,0.00992000,565.90000000,0.0113
1749261796,0.00990000,9504.00000000,0.0113
1749262098,0.01129000,283430.70000000,0.0113
1749262098,0.01128000,1314816.60000000,0.0113
1749262098,0.01127000,1144201.00000000,0.0113
1749262098,0.01126000,433155.60000000,0.0113
1749262098,0.01125000,321104.90000000,0.0113
1749262098,0.01124000,443717.60000000,0.0113
1749262098,0.01123000,221593.40000000,0.0113
1749262098,0.01122000,672999.90000000,0.0113
1749262098,0.01121000,161902.20000000,0.0113
1749262098,0.01120000,962520.70000000,0.0113
1749262098,0.01119000,265373.80000000,0.0113
1749262098,0.01118000,67100.10000000,0.0113
1749262098,0.01117000,113379.60000000,0.0113
1749262098,0.01116000,60142.80000000,0.0113
1749262098,0.01115000,23515.90000000,0.0113
1749262098,0.01114000,22950.00000000,0.0113
1749262098,0.01113000,130725.00000000,0.0113
1749262098,0.01112000,268920.10000000,0.0113
1749262098,0.01111000,54097.00000000,0.0113
1749262098,0.01110000,54132.80000000,0.0113
1749262098,0.01106000,22950.00000000,0.0113
1749262098,0.01105000,25214.60000000,0.0113
1749262098,0.01104000,4493.00000000,0.0113
1749262098,0.01103000,1779.50000000,0.0113
1749262098,0.01102000,998.90000000,0.0113
1749262098,0.01101000,23943.40000000,0.0113
1749262098,0.01100000,425390.70000000,0.0113
1749262098,0.01097000,1049.30000000,0.0113
1749262098,0.01096000,2345.40000000,0.0113
1749262098,0.01095000,4493.00000000,0.0113
1749262098,0.01094000,22950.00000000,0.0113
1749262098,0.01093000,3833.90000000,0.0113
1749262098,0.01092000,2313.00000000,0.0113
1749262098,0.01091000,68846.30000000,0.0113
1749262098,0.01090000,2770.40000000,0.0113
1749262098,0.01089000,1779.50000000,0.0113
1749262098,0.01086000,29098.90000000,0.0113
1749262098,0.01085000,2367.60000000,0.0113
1749262098,0.01083000,553.50000000,0.0113
1749262098,0.01082000,7237.80000000,0.0113
1749262098,0.01081000,46731.90000000,0.0113
1749262098,0.01080000,45500.00000000,0.0113
1749262098,0.01077000,7332.30000000,0.0113
1749262098,0.01076000,928.90000000,0.0113
1749262098,0.01075000,502.40000000,0.0113
1749262098,0.01071000,93448.10000000,0.0113
1749262098,0.01070000,982655.10000000,0.0113
1749262098,0.01069000,490.50000000,0.0113
1749262098,0.01068000,14465.70000000,0.0113
1749262098,0.01067000,502.40000000,0.0113
1749262098,0.01065000,3000.80000000,0.0113
1749262098,0.01063000,6744.50000000,0.0113
1749262098,0.01062000,47962.90000000,0.0113
1749262098,0.01061000,36142.60000000,0.0113
1749262098,0.01060000,6410.40000000,0.0113
1749262098,0.01058000,565.90000000,0.0113
1749262098,0.01055000,46500.00000000,0.0113
1749262098,0.01053000,808.20000000,0.0113
1749262098,0.01052000,8629.00000000,0.0113
1749262098,0.01051000,12941.70000000,0.0113
1749262098,0.01050000,89022.00000000,0.0113
1749262098,0.01049000,1519.20000000,0.0113
1749262098,0.01048000,46800.00000000,0.0113
1749262098,0.01046000,2870.40000000,0.0113
1749262098,0.01045000,1002.40000000,0.0113
1749262098,0.01043000,1795.00000000,0.0113
1749262098,0.01042000,51808.80000000,0.0113
1749262098,0.01041000,47526.20000000,0.0113
1749262098,0.01040000,7500.00000000,0.0113
1749262098,0.01039000,5378.20000000,0.0113
1749262098,0.01038000,1816.60000000,0.0113
1749262098,0.01037000,502.40000000,0.0113
1749262098,0.01034000,1810.70000000,0.0113
1749262098,0.01033000,5170.60000000,0.0113
1749262098,0.01030000,2354.30000000,0.0113
1749262098,0.01029000,1166.20000000,0.0113
1749262098,0.01027000,584.20000000,0.0113
1749262098,0.01025000,10117.10000000,0.0113
1749262098,0.01024000,4493.00000000,0.0113
1749262098,0.01022000,1980.80000000,0.0113
1749262098,0.01021000,565.90000000,0.0113
1749262098,0.01019000,54486.60000000,0.0113
1749262098,0.01017000,2949.80000000,0.0113
1749262098,0.01016000,1842.70000000,0.0113
1749262098,0.01015000,60647.80000000,0.0113
1749262098,0.01011000,2247.30000000,0.0113
1749262098,0.01010000,185938.40000000,0.0113
1749262098,0.01009000,20925.70000000,0.0113
1749262098,0.01008000,992.00000000,0.0113
1749262098,0.01007000,2361.60000000,0.0113
1749262098,0.01006000,4493.00000000,0.0113
1749262098,0.01003000,5284.20000000,0.0113
1749262098,0.01002000,1119.40000000,0.0113
1749262098,0.01000000,496060.30000000,0.0113
1749262098,0.00999000,338734.10000000,0.0113
1749262098,0.00998000,1876.00000000,0.0113
1749262098,0.00997000,4493.00000000,0.0113
1749262098,0.00996000,3505.60000000,0.0113
1749262098,0.00992000,565.90000000,0.0113
1749262098,0.00990000,9504.00000000,0.0113
1749262400,0.01132000,80174.40000000,0.01132
1749262400,0.01131000,509659.90000000,0.01132
1749262400,0.01130000,1254690.80000000,0.01132
1749262400,0.01129000,1492048.00000000,0.01132
1749262400,0.01128000,364895.00000000,0.01132
1749262400,0.01127000,130824.40000000,0.01132
1749262400,0.01126000,973104.50000000,0.01132
1749262400,0.01125000,340592.80000000,0.01132
1749262400,0.01124000,111140.70000000,0.01132
1749262400,0.01123000,277447.40000000,0.01132
1749262400,0.01122000,113246.90000000,0.01132
1749262400,0.01121000,108510.70000000,0.01132
1749262400,0.01120000,962520.70000000,0.01132
1749262400,0.01119000,180202.90000000,0.01132
1749262400,0.01118000,67100.10000000,0.01132
1749262400,0.01117000,113379.60000000,0.01132
1749262400,0.01116000,52765.90000000,0.01132
1749262400,0.01115000,268323.10000000,0.01132
1749262400,0.01114000,26501.70000000,0.01132
1749262400,0.01113000,126568.10000000,0.01132
1749262400,0.01112000,23452.40000000,0.01132
1749262400,0.01111000,50535.80000000,0.01132
1749262400,0.01110000,28323.80000000,0.01132
1749262400,0.01106000,22950.00000000,0.01132
1749262400,0.01105000,25214.60000000,0.01132
1749262400,0.01104000,4493.00000000,0.01132
1749262400,0.01103000,1779.50000000,0.01132
1749262400,0.01102000,998.90000000,0.01132
1749262400,0.01101000,23943.40000000,0.01132
1749262400,0.01100000,425390.70000000,0.01132
1749262400,0.01097000,1049.30000000,0.01132
1749262400,0.01096000,2345.40000000,0.01132
1749262400,0.01095000,4493.00000000,0.01132
1749262400,0.01094000,22950.00000000,0.01132
1749262400,0.01093000,3833.90000000,0.01132
1749262400,0.01092000,2313.00000000,0.01132
1749262400,0.01091000,68846.30000000,0.01132
1749262400,0.01090000,2770.40000000,0.01132
1749262400,0.01089000,1779.50000000,0.01132
1749262400,0.01086000,6148.90000000,0.01132
1749262400,0.01085000,2367.60000000,0.01132
1749262400,0.01083000,553.50000000,0.01132
1749262400,0.01082000,7237.80000000,0.01132
1749262400,0.01081000,46731.90000000,0.01132
1749262400,0.01080000,45500.00000000,0.01132
1749262400,0.01077000,7332.30000000,0.01132
1749262400,0.01076000,928.90000000,0.01132
1749262400,0.01075000,502.40000000,0.01132
1749262400,0.01071000,93448.10000000,0.01132
1749262400,0.01070000,982655.10000000,0.01132
1749262400,0.01069000,490.50000000,0.01132
1749262400,0.01068000,14465.70000000,0.01132
1749262400,0.01067000,502.40000000,0.01132
1749262400,0.01065000,3000.80000000,0.01132
1749262400,0.01063000,7685.30000000,0.01132
1749262400,0.01062000,47962.90000000,0.01132
1749262400,0.01061000,35200.00000000,0.01132
1749262400,0.01060000,6410.40000000,0.01132
1749262400,0.01058000,565.90000000,0.01132
1749262400,0.01055000,46500.00000000,0.01132
1749262400,0.01053000,808.20000000,0.01132
1749262400,0.01052000,8629.00000000,0.01132
1749262400,0.01051000,12941.70000000,0.01132
1749262400,0.01050000,89022.00000000,0.01132
1749262400,0.01049000,1519.20000000,0.01132
1749262400,0.01048000,46800.00000000,0.01132
1749262400,0.01046000,2870.40000000,0.01132
1749262400,0.01045000,1002.40000000,0.01132
1749262400,0.01043000,1795.00000000,0.01132
1749262400,0.01042000,51808.80000000,0.01132
1749262400,0.01041000,47526.20000000,0.01132
1749262400,0.01040000,7500.00000000,0.01132
1749262400,0.01039000,5378.20000000,0.01132
1749262400,0.01038000,1816.60000000,0.01132
1749262400,0.01037000,502.40000000,0.01132
1749262400,0.01034000,1810.70000000,0.01132
1749262400,0.01033000,5170.60000000,0.01132
1749262400,0.01030000,2354.30000000,0.01132
1749262400,0.01029000,1166.20000000,0.01132
1749262400,0.01027000,584.20000000,0.01132
1749262400,0.01025000,10117.10000000,0.01132
1749262400,0.01024000,4493.00000000,0.01132
1749262400,0.01022000,1980.80000000,0.01132
1749262400,0.01021000,565.90000000,0.01132
1749262400,0.01019000,52346.20000000,0.01132
1749262400,0.01018000,2142.40000000,0.01132
1749262400,0.01017000,2949.80000000,0.01132
1749262400,0.01016000,1842.70000000,0.01132
1749262400,0.01015000,60647.80000000,0.01132
1749262400,0.01011000,2247.30000000,0.01132
1749262400,0.01010000,185938.40000000,0.01132
1749262400,0.01009000,20925.70000000,0.01132
1749262400,0.01008000,992.00000000,0.01132
1749262400,0.01007000,2361.60000000,0.01132
1749262400,0.01006000,4493.00000000,0.01132
1749262400,0.01003000,5284.20000000,0.01132
1749262400,0.01002000,1119.40000000,0.01132
1749262400,0.01000000,496060.30000000,0.01132
1749262400,0.00999000,338734.10000000,0.01132
1749262400,0.00998000,1876.00000000,0.01132
1749262704,0.01133000,50983.90000000,0.01134
1749262704,0.01132000,598004.30000000,0.01134
1749262704,0.01131000,1749455.70000000,0.01134
1749262704,0.01130000,959230.50000000,0.01134
1749262704,0.01129000,606575.90000000,0.01134
1749262704,0.01128000,147779.10000000,0.01134
1749262704,0.01127000,298832.40000000,0.01134
1749262704,0.01126000,653403.90000000,0.01134
1749262704,0.01125000,252594.20000000,0.01134
1749262704,0.01124000,111140.70000000,0.01134
1749262704,0.01123000,112123.30000000,0.01134
1749262704,0.01122000,199321.20000000,0.01134
1749262704,0.01121000,76856.10000000,0.01134
1749262704,0.01120000,1073194.10000000,0.01134
1749262704,0.01119000,105398.70000000,0.01134
1749262704,0.01118000,67100.10000000,0.01134
1749262704,0.01117000,113379.60000000,0.01134
1749262704,0.01116000,52765.90000000,0.01134
1749262704,0.01115000,268323.10000000,0.01134
1749262704,0.01114000,26501.70000000,0.01134
1749262704,0.01113000,126568.10000000,0.01134
1749262704,0.01112000,23452.40000000,0.01134
1749262704,0.01111000,50535.80000000,0.01134
1749262704,0.01110000,28323.80000000,0.01134
1749262704,0.01106000,22950.00000000,0.01134
1749262704,0.01105000,25214.60000000,0.01134
1749262704,0.01104000,4493.00000000,0.01134
1749262704,0.01103000,1779.50000000,0.01134
1749262704,0.01102000,998.90000000,0.01134
1749262704,0.01101000,23943.40000000,0.01134
1749262704,0.01100000,425390.70000000,0.01134
1749262704,0.01097000,1049.30000000,0.01134
1749262704,0.01096000,2345.40000000,0.01134
1749262704,0.01095000,4493.00000000,0.01134
1749262704,0.01093000,3833.90000000,0.01134
1749262704,0.01092000,2313.00000000,0.01134
1749262704,0.01091000,45896.30000000,0.01134
1749262704,0.01090000,2770.40000000,0.01134
1749262704,0.01089000,1779.50000000,0.01134
1749262704,0.01086000,6148.90000000,0.01134
1749262704,0.01085000,2367.60000000,0.01134
1749262704,0.01083000,553.50000000,0.01134
1749262704,0.01082000,7237.80000000,0.01134
1749262704,0.01081000,46731.90000000,0.01134
1749262704,0.01080000,45500.00000000,0.01134
1749262704,0.01077000,7332.30000000,0.01134
1749262704,0.01076000,928.90000000,0.01134
1749262704,0.01075000,502.40000000,0.01134
1749262704,0.01071000,93448.10000000,0.01134
1749262704,0.01070000,982655.10000000,0.01134
1749262704,0.01069000,490.50000000,0.01134
1749262704,0.01068000,14465.70000000,0.01134
1749262704,0.01067000,502.40000000,0.01134
1749262704,0.01065000,3000.80000000,0.01134
1749262704,0.01063000,7685.30000000,0.01134
1749262704,0.01062000,47962.90000000,0.01134
1749262704,0.01061000,35200.00000000,0.01134
1749262704,0.01060000,6410.40000000,0.01134
1749262704,0.01058000,565.90000000,0.01134
1749262704,0.01055000,46500.00000000,0.01134
1749262704,0.01053000,808.20000000,0.01134
1749262704,0.01052000,8629.00000000,0.01134
1749262704,0.01051000,12941.70000000,0.01134
1749262704,0.01050000,89022.00000000,0.01134
1749262704,0.01049000,1519.20000000,0.01134
1749262704,0.01048000,46800.00000000,0.01134
1749262704,0.01046000,2870.40000000,0.01134
1749262704,0.01045000,1002.40000000,0.01134
1749262704,0.01043000,1795.00000000,0.01134
1749262704,0.01042000,51808.80000000,0.01134
1749262704,0.01041000,47526.20000000,0.01134
1749262704,0.01040000,7500.00000000,0.01134
1749262704,0.01039000,5378.20000000,0.01134
1749262704,0.01038000,1816.60000000,0.01134
1749262704,0.01037000,502.40000000,0.01134
1749262704,0.01034000,1810.70000000,0.01134
1749262704,0.01033000,5170.60000000,0.01134
1749262704,0.01030000,2354.30000000,0.01134
1749262704,0.01029000,1166.20000000,0.01134
1749262704,0.01027000,584.20000000,0.01134
1749262704,0.01025000,10117.10000000,0.01134
1749262704,0.01024000,4493.00000000,0.01134
1749262704,0.01022000,1980.80000000,0.01134
1749262704,0.01021000,565.90000000,0.01134
1749262704,0.01019000,52346.20000000,0.01134
1749262704,0.01018000,2142.40000000,0.01134
1749262704,0.01017000,2949.80000000,0.01134
1749262704,0.01016000,1842.70000000,0.01134
1749262704,0.01015000,60647.80000000,0.01134
1749262704,0.01011000,2247.30000000,0.01134
1749262704,0.01010000,185938.40000000,0.01134
1749262704,0.01009000,20925.70000000,0.01134
1749262704,0.01008000,992.00000000,0.01134
1749262704,0.01007000,2361.60000000,0.01134
1749262704,0.01006000,4493.00000000,0.01134
1749262704,0.01003000,5284.20000000,0.01134
1749262704,0.01002000,1119.40000000,0.01134
1749262704,0.01000000,496060.30000000,0.01134
1749262704,0.00999000,338734.10000000,0.01134
1749262704,0.00998000,1876.00000000,0.01134
1749263013,0.01133000,22950.00000000,0.01133
1749263013,0.01132000,558550.40000000,0.01133
1749263013,0.01131000,1275396.50000000,0.01133
1749263013,0.01130000,982986.60000000,0.01133
1749263013,0.01129000,331642.80000000,0.01133
1749263013,0.01128000,457778.30000000,0.01133
1749263013,0.01127000,547258.90000000,0.01133
1749263013,0.01126000,670730.50000000,0.01133
1749263013,0.01125000,260058.20000000,0.01133
1749263013,0.01124000,221420.30000000,0.01133
1749263013,0.01123000,112123.30000000,0.01133
1749263013,0.01122000,199321.20000000,0.01133
1749263013,0.01121000,76856.10000000,0.01133
1749263013,0.01120000,962520.70000000,0.01133
1749263013,0.01119000,105398.70000000,0.01133
1749263013,0.01118000,67100.10000000,0.01133
1749263013,0.01117000,113379.60000000,0.01133
1749263013,0.01116000,52765.90000000,0.01133
1749263013,0.01115000,268323.10000000,0.01133
1749263013,0.01114000,26501.70000000,0.01133
1749263013,0.01113000,126568.10000000,0.01133
1749263013,0.01112000,23452.40000000,0.01133
1749263013,0.01111000,50535.80000000,0.01133
1749263013,0.01110000,28323.80000000,0.01133
1749263013,0.01106000,22950.00000000,0.01133
1749263013,0.01105000,25214.60000000,0.01133
1749263013,0.01104000,4493.00000000,0.01133
1749263013,0.01103000,1779.50000000,0.01133
1749263013,0.01102000,998.90000000,0.01133
1749263013,0.01101000,23943.40000000,0.01133
1749263013,0.01100000,425390.70000000,0.01133
1749263013,0.01097000,1049.30000000,0.01133
1749263013,0.01096000,2345.40000000,0.01133
1749263013,0.01095000,4493.00000000,0.01133
1749263013,0.01093000,3833.90000000,0.01133
1749263013,0.01092000,2313.00000000,0.01133
1749263013,0.01091000,45896.30000000,0.01133
1749263013,0.01090000,2770.40000000,0.01133
1749263013,0.01089000,1779.50000000,0.01133
1749263013,0.01086000,6148.90000000,0.01133
1749263013,0.01085000,2367.60000000,0.01133
1749263013,0.01083000,553.50000000,0.01133
1749263013,0.01082000,7237.80000000,0.01133
1749263013,0.01081000,46731.90000000,0.01133
1749263013,0.01080000,45500.00000000,0.01133
1749263013,0.01077000,7332.30000000,0.01133
1749263013,0.01076000,928.90000000,0.01133
1749263013,0.01075000,502.40000000,0.01133
1749263013,0.01071000,93448.10000000,0.01133
1749263013,0.01070000,982655.10000000,0.01133
1749263013,0.01069000,490.50000000,0.01133
1749263013,0.01068000,14465.70000000,0.01133
1749263013,0.01067000,502.40000000,0.01133
1749263013,0.01065000,3000.80000000,0.01133
1749263013,0.01063000,7685.30000000,0.01133
1749263013,0.01062000,47962.90000000,0.01133
1749263013,0.01061000,35200.00000000,0.01133
1749263013,0.01060000,6410.40000000,0.01133
1749263013,0.01058000,565.90000000,0.01133
1749263013,0.01055000,46500.00000000,0.01133
1749263013,0.01053000,808.20000000,0.01133
1749263013,0.01052000,8629.00000000,0.01133
1749263013,0.01051000,12941.70000000,0.01133
1749263013,0.01050000,89022.00000000,0.01133
1749263013,0.01049000,1519.20000000,0.01133
1749263013,0.01048000,46800.00000000,0.01133
1749263013,0.01046000,2870.40000000,0.01133
1749263013,0.01045000,1002.40000000,0.01133
1749263013,0.01043000,1795.00000000,0.01133
1749263013,0.01042000,51808.80000000,0.01133
1749263013,0.01041000,47526.20000000,0.01133
1749263013,0.01040000,7500.00000000,0.01133
1749263013,0.01039000,5378.20000000,0.01133
1749263013,0.01038000,1816.60000000,0.01133
1749263013,0.01037000,502.40000000,0.01133
1749263013,0.01034000,1810.70000000,0.01133
1749263013,0.01033000,5170.60000000,0.01133
1749263013,0.01030000,2354.30000000,0.01133
1749263013,0.01029000,1166.20000000,0.01133
1749263013,0.01027000,584.20000000,0.01133
1749263013,0.01025000,10117.10000000,0.01133
1749263013,0.01024000,4493.00000000,0.01133
1749263013,0.01022000,1980.80000000,0.01133
1749263013,0.01021000,565.90000000,0.01133
1749263013,0.01019000,54486.60000000,0.01133
1749263013,0.01017000,2949.80000000,0.01133
1749263013,0.01016000,1842.70000000,0.01133
1749263013,0.01015000,60647.80000000,0.01133
1749263013,0.01011000,2247.30000000,0.01133
1749263013,0.01010000,185938.40000000,0.01133
1749263013,0.01009000,20925.70000000,0.01133
1749263013,0.01008000,992.00000000,0.01133
1749263013,0.01007000,2361.60000000,0.01133
1749263013,0.01006000,4493.00000000,0.01133
1749263013,0.01003000,5284.20000000,0.01133
1749263013,0.01002000,1119.40000000,0.01133
1749263013,0.01000000,496060.30000000,0.01133
1749263013,0.00999000,338734.10000000,0.01133
1749263013,0.00998000,1876.00000000,0.01133
1749263013,0.00997000,4493.00000000,0.01133
1749263321,0.01135000,22950.00000000,0.01133
1749263321,0.01134000,510472.90000000,0.01133
1749263321,0.01133000,1175071.80000000,0.01133
1749263321,0.01132000,1012415.20000000,0.01133
1749263321,0.01131000,734307.00000000,0.01133
1749263321,0.01130000,263007.40000000,0.01133
1749263321,0.01129000,536601.20000000,0.01133
1749263321,0.01128000,647735.40000000,0.01133
1749263321,0.01127000,183360.70000000,0.01133
1749263321,0.01126000,641341.30000000,0.01133
1749263321,0.01125000,109089.10000000,0.01133
1749263321,0.01124000,111140.70000000,0.01133
1749263321,0.01123000,79949.70000000,0.01133
1749263321,0.01122000,303467.30000000,0.01133
1749263321,0.01121000,76856.10000000,0.01133
1749263321,0.01120000,70394.10000000,0.01133
1749263321,0.01119000,105398.70000000,0.01133
1749263321,0.01118000,67100.10000000,0.01133
1749263321,0.01117000,212264.20000000,0.01133
1749263321,0.01116000,27095.70000000,0.01133
1749263321,0.01115000,268323.10000000,0.01133
1749263321,0.01114000,52218.00000000,0.01133
1749263321,0.01113000,27443.00000000,0.01133
1749263321,0.01112000,23452.40000000,0.01133
1749263321,0.01111000,24750.10000000,0.01133
1749263321,0.01110000,28323.80000000,0.01133
1749263321,0.01106000,22950.00000000,0.01133
1749263321,0.01105000,25214.60000000,0.01133
1749263321,0.01104000,4493.00000000,0.01133
1749263321,0.01103000,1779.50000000,0.01133
1749263321,0.01102000,998.90000000,0.01133
1749263321,0.01101000,993.40000000,0.01133
1749263321,0.01100000,402440.70000000,0.01133
1749263321,0.01097000,1049.30000000,0.01133
1749263321,0.01096000,2345.40000000,0.01133
1749263321,0.01095000,4493.00000000,0.01133
1749263321,0.01093000,3833.90000000,0.01133
1749263321,0.01092000,2313.00000000,0.01133
1749263321,0.01091000,45896.30000000,0.01133
1749263321,0.01090000,2770.40000000,0.01133
1749263321,0.01089000,1779.50000000,0.01133
1749263321,0.01086000,6148.90000000,0.01133
1749263321,0.01085000,2367.60000000,0.01133
1749263321,0.01083000,553.50000000,0.01133
1749263321,0.01082000,7237.80000000,0.01133
1749263321,0.01081000,46731.90000000,0.01133
1749263321,0.01080000,45500.00000000,0.01133
1749263321,0.01077000,7332.30000000,0.01133
1749263321,0.01076000,928.90000000,0.01133
1749263321,0.01075000,502.40000000,0.01133
1749263321,0.01071000,93448.10000000,0.01133
1749263321,0.01070000,982655.10000000,0.01133
1749263321,0.01069000,490.50000000,0.01133
1749263321,0.01068000,14465.70000000,0.01133
1749263321,0.01067000,502.40000000,0.01133
1749263321,0.01065000,3000.80000000,0.01133
1749263321,0.01063000,7685.30000000,0.01133
1749263321,0.01062000,47962.90000000,0.01133
1749263321,0.01061000,35200.00000000,0.01133
1749263321,0.01060000,6410.40000000,0.01133
1749263321,0.01058000,565.90000000,0.01133
1749263321,0.01055000,46500.00000000,0.01133
1749263321,0.01053000,808.20000000,0.01133
1749263321,0.01052000,8629.00000000,0.01133
1749263321,0.01051000,12941.70000000,0.01133
1749263321,0.01050000,89022.00000000,0.01133
1749263321,0.01049000,1519.20000000,0.01133
1749263321,0.01048000,46800.00000000,0.01133
1749263321,0.01046000,2870.40000000,0.01133
1749263321,0.01045000,1002.40000000,0.01133
1749263321,0.01043000,1795.00000000,0.01133
1749263321,0.01042000,51808.80000000,0.01133
1749263321,0.01041000,47526.20000000,0.01133
1749263321,0.01040000,7500.00000000,0.01133
1749263321,0.01039000,5378.20000000,0.01133
1749263321,0.01038000,1816.60000000,0.01133
1749263321,0.01037000,502.40000000,0.01133
1749263321,0.01034000,1810.70000000,0.01133
1749263321,0.01033000,5170.60000000,0.01133
1749263321,0.01030000,2354.30000000,0.01133
1749263321,0.01029000,1166.20000000,0.01133
1749263321,0.01027000,584.20000000,0.01133
1749263321,0.01025000,10117.10000000,0.01133
1749263321,0.01024000,4493.00000000,0.01133
1749263321,0.01022000,1980.80000000,0.01133
1749263321,0.01021000,2702.70000000,0.01133
1749263321,0.01019000,52346.20000000,0.01133
1749263321,0.01017000,2949.80000000,0.01133
1749263321,0.01016000,1842.70000000,0.01133
1749263321,0.01015000,60647.80000000,0.01133
1749263321,0.01011000,2247.30000000,0.01133
1749263321,0.01010000,185938.40000000,0.01133
1749263321,0.01009000,20925.70000000,0.01133
1749263321,0.01008000,992.00000000,0.01133
1749263321,0.01007000,2361.60000000,0.01133
1749263321,0.01006000,4493.00000000,0.01133
1749263321,0.01003000,5284.20000000,0.01133
1749263321,0.01002000,1119.40000000,0.01133
1749263321,0.01000000,496060.30000000,0.01133
1749263321,0.00999000,338734.10000000,0.01133
1749263623,0.01134000,45900.00000000,0.01133
1749263623,0.01133000,1188984.40000000,0.01133
1749263623,0.01132000,1264164.40000000,0.01133
1749263623,0.01131000,652699.00000000,0.01133
1749263623,0.01130000,382934.90000000,0.01133
1749263623,0.01129000,567152.40000000,0.01133
1749263623,0.01128000,611516.50000000,0.01133
1749263623,0.01127000,241119.60000000,0.01133
1749263623,0.01126000,744648.20000000,0.01133
1749263623,0.01125000,109089.10000000,0.01133
1749263623,0.01124000,111140.70000000,0.01133
1749263623,0.01123000,79949.70000000,0.01133
1749263623,0.01122000,204461.20000000,0.01133
1749263623,0.01121000,76856.10000000,0.01133
1749263623,0.01120000,70394.10000000,0.01133
1749263623,0.01119000,93897.80000000,0.01133
1749263623,0.01118000,67100.10000000,0.01133
1749263623,0.01117000,212264.20000000,0.01133
1749263623,0.01116000,27095.70000000,0.01133
1749263623,0.01115000,268323.10000000,0.01133
1749263623,0.01114000,52218.00000000,0.01133
1749263623,0.01113000,27443.00000000,0.01133
1749263623,0.01112000,23452.40000000,0.01133
1749263623,0.01111000,24750.10000000,0.01133
1749263623,0.01110000,28323.80000000,0.01133
1749263623,0.01106000,22950.00000000,0.01133
1749263623,0.01105000,2264.60000000,0.01133
1749263623,0.01104000,4493.00000000,0.01133
1749263623,0.01103000,24729.50000000,0.01133
1749263623,0.01102000,998.90000000,0.01133
1749263623,0.01101000,993.40000000,0.01133
1749263623,0.01100000,425390.70000000,0.01133
1749263623,0.01097000,1049.30000000,0.01133
1749263623,0.01096000,2345.40000000,0.01133
1749263623,0.01095000,4493.00000000,0.01133
1749263623,0.01093000,3833.90000000,0.01133
1749263623,0.01092000,2313.00000000,0.01133
1749263623,0.01091000,45896.30000000,0.01133
1749263623,0.01090000,2770.40000000,0.01133
1749263623,0.01089000,1779.50000000,0.01133
1749263623,0.01086000,6148.90000000,0.01133
1749263623,0.01085000,2367.60000000,0.01133
1749263623,0.01083000,553.50000000,0.01133
1749263623,0.01082000,7237.80000000,0.01133
1749263623,0.01081000,46731.90000000,0.01133
1749263623,0.01080000,45500.00000000,0.01133
1749263623,0.01077000,7332.30000000,0.01133
1749263623,0.01076000,928.90000000,0.01133
1749263623,0.01075000,502.40000000,0.01133
1749263623,0.01071000,107780.50000000,0.01133
1749263623,0.01070000,982655.10000000,0.01133
1749263623,0.01069000,490.50000000,0.01133
1749263623,0.01068000,14465.70000000,0.01133
1749263623,0.01067000,502.40000000,0.01133
1749263623,0.01065000,3000.80000000,0.01133
1749263623,0.01063000,7685.30000000,0.01133
1749263623,0.01062000,47962.90000000,0.01133
1749263623,0.01061000,35200.00000000,0.01133
1749263623,0.01060000,6410.40000000,0.01133
1749263623,0.01058000,565.90000000,0.01133
1749263623,0.01055000,46500.00000000,0.01133
1749263623,0.01053000,808.20000000,0.01133
1749263623,0.01052000,8629.00000000,0.01133
1749263623,0.01051000,12941.70000000,0.01133
1749263623,0.01050000,89022.00000000,0.01133
1749263623,0.01049000,1519.20000000,0.01133
1749263623,0.01048000,46800.00000000,0.01133
1749263623,0.01046000,2870.40000000,0.01133
1749263623,0.01045000,1002.40000000,0.01133
1749263623,0.01043000,1795.00000000,0.01133
1749263623,0.01042000,51808.80000000,0.01133
1749263623,0.01041000,47526.20000000,0.01133
1749263623,0.01040000,7500.00000000,0.01133
1749263623,0.01039000,5378.20000000,0.01133
1749263623,0.01038000,1816.60000000,0.01133
1749263623,0.01037000,502.40000000,0.01133
1749263623,0.01034000,1810.70000000,0.01133
1749263623,0.01033000,5170.60000000,0.01133
1749263623,0.01030000,2354.30000000,0.01133
1749263623,0.01029000,1166.20000000,0.01133
1749263623,0.01027000,584.20000000,0.01133
1749263623,0.01025000,10117.10000000,0.01133
1749263623,0.01024000,4493.00000000,0.01133
1749263623,0.01022000,1980.80000000,0.01133
1749263623,0.01021000,2702.70000000,0.01133
1749263623,0.01019000,52346.20000000,0.01133
1749263623,0.01017000,2949.80000000,0.01133
1749263623,0.01016000,1842.70000000,0.01133
1749263623,0.01015000,60647.80000000,0.01133
1749263623,0.01011000,2247.30000000,0.01133
1749263623,0.01010000,185938.40000000,0.01133
1749263623,0.01009000,20925.70000000,0.01133
1749263623,0.01008000,992.00000000,0.01133
1749263623,0.01007000,2361.60000000,0.01133
1749263623,0.01006000,4493.00000000,0.01133
1749263623,0.01003000,5284.20000000,0.01133
1749263623,0.01002000,1119.40000000,0.01133
1749263623,0.01000000,496060.30000000,0.01133
1749263623,0.00999000,338734.10000000,0.01133
1749263623,0.00998000,1876.00000000,0.01133
1749263930,0.01136000,257583.60000000,0.01136
1749263930,0.01135000,751598.40000000,0.01136
1749263930,0.01134000,1352519.60000000,0.01136
1749263930,0.01133000,321186.20000000,0.01136
1749263930,0.01132000,426798.30000000,0.01136
1749263930,0.01131000,495627.10000000,0.01136
1749263930,0.01130000,854479.40000000,0.01136
1749263930,0.01129000,139338.00000000,0.01136
1749263930,0.01128000,108468.70000000,0.01136
1749263930,0.01127000,164538.00000000,0.01136
1749263930,0.01126000,663084.20000000,0.01136
1749263930,0.01125000,109089.10000000,0.01136
1749263930,0.01124000,79236.30000000,0.01136
1749263930,0.01123000,79949.70000000,0.01136
1749263930,0.01122000,204461.20000000,0.01136
1749263930,0.01121000,76856.10000000,0.01136
1749263930,0.01120000,70394.10000000,0.01136
1749263930,0.01119000,93897.80000000,0.01136
1749263930,0.01118000,311250.40000000,0.01136
1749263930,0.01117000,215806.30000000,0.01136
1749263930,0.01116000,27095.70000000,0.01136
1749263930,0.01115000,23515.90000000,0.01136
1749263930,0.01114000,48666.30000000,0.01136
1749263930,0.01113000,27443.00000000,0.01136
1749263930,0.01112000,23452.40000000,0.01136
1749263930,0.01111000,24750.10000000,0.01136
1749263930,0.01110000,28323.80000000,0.01136
1749263930,0.01106000,22950.00000000,0.01136
1749263930,0.01105000,2264.60000000,0.01136
1749263930,0.01104000,4493.00000000,0.01136
1749263930,0.01103000,1779.50000000,0.01136
1749263930,0.01102000,998.90000000,0.01136
1749263930,0.01101000,993.40000000,0.01136
1749263930,0.01100000,402440.70000000,0.01136
1749263930,0.01097000,1049.30000000,0.01136
1749263930,0.01096000,2345.40000000,0.01136
1749263930,0.01095000,4493.00000000,0.01136
1749263930,0.01093000,3833.90000000,0.01136
1749263930,0.01092000,2313.00000000,0.01136
1749263930,0.01091000,45896.30000000,0.01136
1749263930,0.01090000,2770.40000000,0.01136
1749263930,0.01089000,1779.50000000,0.01136
1749263930,0.01088000,93400.00000000,0.01136
1749263930,0.01086000,6148.90000000,0.01136
1749263930,0.01085000,2367.60000000,0.01136
1749263930,0.01083000,553.50000000,0.01136
1749263930,0.01082000,7237.80000000,0.01136
1749263930,0.01081000,46731.90000000,0.01136
1749263930,0.01080000,45500.00000000,0.01136
1749263930,0.01077000,7332.30000000,0.01136
1749263930,0.01076000,928.90000000,0.01136
1749263930,0.01075000,502.40000000,0.01136
1749263930,0.01071000,93448.10000000,0.01136
1749263930,0.01070000,982655.10000000,0.01136
1749263930,0.01069000,490.50000000,0.01136
1749263930,0.01068000,14465.70000000,0.01136
1749263930,0.01067000,502.40000000,0.01136
1749263930,0.01065000,3000.80000000,0.01136
1749263930,0.01063000,7685.30000000,0.01136
1749263930,0.01062000,47962.90000000,0.01136
1749263930,0.01061000,35200.00000000,0.01136
1749263930,0.01060000,6410.40000000,0.01136
1749263930,0.01058000,565.90000000,0.01136
1749263930,0.01055000,46500.00000000,0.01136
1749263930,0.01053000,808.20000000,0.01136
1749263930,0.01052000,8629.00000000,0.01136
1749263930,0.01051000,12941.70000000,0.01136
1749263930,0.01050000,89022.00000000,0.01136
1749263930,0.01049000,1519.20000000,0.01136
1749263930,0.01048000,46800.00000000,0.01136
1749263930,0.01046000,2870.40000000,0.01136
1749263930,0.01045000,1002.40000000,0.01136
1749263930,0.01043000,1795.00000000,0.01136
1749263930,0.01042000,51808.80000000,0.01136
1749263930,0.01041000,47526.20000000,0.01136
1749263930,0.01040000,7500.00000000,0.01136
1749263930,0.01039000,5378.20000000,0.01136
1749263930,0.01038000,1816.60000000,0.01136
1749263930,0.01037000,502.40000000,0.01136
1749263930,0.01034000,1810.70000000,0.01136
1749263930,0.01033000,5170.60000000,0.01136
1749263930,0.01030000,2354.30000000,0.01136
1749263930,0.01029000,1166.20000000,0.01136
1749263930,0.01027000,584.20000000,0.01136
1749263930,0.01025000,10117.10000000,0.01136
1749263930,0.01024000,4493.00000000,0.01136
1749263930,0.01022000,1980.80000000,0.01136
1749263930,0.01021000,2702.70000000,0.01136
1749263930,0.01019000,52346.20000000,0.01136
1749263930,0.01017000,2949.80000000,0.01136
1749263930,0.01016000,1842.70000000,0.01136
1749263930,0.01015000,60647.80000000,0.01136
1749263930,0.01011000,2247.30000000,0.01136
1749263930,0.01010000,185938.40000000,0.01136
1749263930,0.01009000,20925.70000000,0.01136
1749263930,0.01008000,992.00000000,0.01136
1749263930,0.01007000,2361.60000000,0.01136
1749263930,0.01006000,4493.00000000,0.01136
1749263930,0.01003000,5284.20000000,0.01136
1749263930,0.01002000,1119.40000000,0.01136
1749264231,0.01131000,1051914.60000000,0.01133
1749264231,0.01130000,1336438.90000000,0.01133
1749264231,0.01129000,544516.00000000,0.01133
1749264231,0.01128000,395630.00000000,0.01133
1749264231,0.01127000,429173.00000000,0.01133
1749264231,0.01126000,684350.80000000,0.01133
1749264231,0.01125000,327437.60000000,0.01133
1749264231,0.01124000,110857.90000000,0.01133
1749264231,0.01123000,969640.00000000,0.01133
1749264231,0.01122000,303467.30000000,0.01133
1749264231,0.01121000,67100.10000000,0.01133
1749264231,0.01120000,70394.10000000,0.01133
1749264231,0.01119000,79789.20000000,0.01133
1749264231,0.01118000,67100.10000000,0.01133
1749264231,0.01117000,212264.20000000,0.01133
1749264231,0.01116000,52765.90000000,0.01133
1749264231,0.01115000,268323.10000000,0.01133
1749264231,0.01114000,52218.00000000,0.01133
1749264231,0.01113000,27443.00000000,0.01133
1749264231,0.01112000,23452.40000000,0.01133
1749264231,0.01111000,24750.10000000,0.01133
1749264231,0.01110000,28323.80000000,0.01133
1749264231,0.01105000,2264.60000000,0.01133
1749264231,0.01104000,4493.00000000,0.01133
1749264231,0.01103000,24729.50000000,0.01133
1749264231,0.01102000,998.90000000,0.01133
1749264231,0.01101000,993.40000000,0.01133
1749264231,0.01100000,425390.70000000,0.01133
1749264231,0.01097000,1049.30000000,0.01133
1749264231,0.01096000,2345.40000000,0.01133
1749264231,0.01095000,4493.00000000,0.01133
1749264231,0.01094000,22950.00000000,0.01133
1749264231,0.01093000,3833.90000000,0.01133
1749264231,0.01092000,2313.00000000,0.01133
1749264231,0.01091000,68846.30000000,0.01133
1749264231,0.01090000,2770.40000000,0.01133
1749264231,0.01089000,1779.50000000,0.01133
1749264231,0.01086000,6148.90000000,0.01133
1749264231,0.01085000,2367.60000000,0.01133
1749264231,0.01083000,553.50000000,0.01133
1749264231,0.01082000,7237.80000000,0.01133
1749264231,0.01081000,46731.90000000,0.01133
1749264231,0.01080000,45500.00000000,0.01133
1749264231,0.01077000,7332.30000000,0.01133
1749264231,0.01076000,928.90000000,0.01133
1749264231,0.01075000,502.40000000,0.01133
1749264231,0.01071000,93448.10000000,0.01133
1749264231,0.01070000,982655.10000000,0.01133
1749264231,0.01069000,490.50000000,0.01133
1749264231,0.01068000,14465.70000000,0.01133
1749264231,0.01067000,502.40000000,0.01133
1749264231,0.01065000,3000.80000000,0.01133
1749264231,0.01063000,7685.30000000,0.01133
1749264231,0.01062000,47962.90000000,0.01133
1749264231,0.01061000,35200.00000000,0.01133
1749264231,0.01060000,6410.40000000,0.01133
1749264231,0.01058000,565.90000000,0.01133
1749264231,0.01055000,46500.00000000,0.01133
1749264231,0.01053000,808.20000000,0.01133
1749264231,0.01052000,8629.00000000,0.01133
1749264231,0.01051000,12941.70000000,0.01133
1749264231,0.01050000,89022.00000000,0.01133
1749264231,0.01049000,1519.20000000,0.01133
1749264231,0.01048000,46800.00000000,0.01133
1749264231,0.01046000,2870.40000000,0.01133
1749264231,0.01045000,1002.40000000,0.01133
1749264231,0.01043000,1795.00000000,0.01133
1749264231,0.01042000,51808.80000000,0.01133
1749264231,0.01041000,47526.20000000,0.01133
1749264231,0.01040000,7500.00000000,0.01133
1749264231,0.01039000,5378.20000000,0.01133
1749264231,0.01038000,1816.60000000,0.01133
1749264231,0.01037000,502.40000000,0.01133
1749264231,0.01034000,1810.70000000,0.01133
1749264231,0.01033000,5170.60000000,0.01133
1749264231,0.01030000,2354.30000000,0.01133
1749264231,0.01029000,1166.20000000,0.01133
1749264231,0.01027000,584.20000000,0.01133
1749264231,0.01025000,10117.10000000,0.01133
1749264231,0.01024000,4493.00000000,0.01133
1749264231,0.01022000,1980.80000000,0.01133
1749264231,0.01021000,2702.70000000,0.01133
1749264231,0.01019000,52346.20000000,0.01133
1749264231,0.01017000,2949.80000000,0.01133
1749264231,0.01016000,1842.70000000,0.01133
1749264231,0.01015000,60647.80000000,0.01133
1749264231,0.01011000,2247.30000000,0.01133
1749264231,0.01010000,185938.40000000,0.01133
1749264231,0.01009000,20925.70000000,0.01133
1749264231,0.01008000,992.00000000,0.01133
1749264231,0.01007000,2361.60000000,0.01133
1749264231,0.01006000,4493.00000000,0.01133
1749264231,0.01003000,5284.20000000,0.01133
1749264231,0.01002000,1119.40000000,0.01133
1749264231,0.01000000,496060.30000000,0.01133
1749264231,0.00999000,338734.10000000,0.01133
1749264231,0.00998000,1876.00000000,0.01133
1749264231,0.00997000,4493.00000000,0.01133
1749264231,0.00996000,3505.60000000,0.01133
1749264231,0.00992000,565.90000000,0.01133
1749264533,0.01134000,249633.50000000,0.01133
1749264533,0.01133000,914806.30000000,0.01133
1749264533,0.01132000,1382858.90000000,0.01133
1749264533,0.01131000,594199.00000000,0.01133
1749264533,0.01130000,357317.60000000,0.01133
1749264533,0.01129000,570884.20000000,0.01133
1749264533,0.01128000,576354.20000000,0.01133
1749264533,0.01127000,196162.20000000,0.01133
1749264533,0.01126000,209868.00000000,0.01133
1749264533,0.01125000,131299.80000000,0.01133
1749264533,0.01124000,110857.90000000,0.01133
1749264533,0.01123000,969640.00000000,0.01133
1749264533,0.01122000,217393.00000000,0.01133
1749264533,0.01121000,153257.30000000,0.01133
1749264533,0.01120000,70394.10000000,0.01133
1749264533,0.01119000,79789.20000000,0.01133
1749264533,0.01118000,67100.10000000,0.01133
1749264533,0.01117000,212264.20000000,0.01133
1749264533,0.01116000,52765.90000000,0.01133
1749264533,0.01115000,268323.10000000,0.01133
1749264533,0.01114000,52218.00000000,0.01133
1749264533,0.01113000,27443.00000000,0.01133
1749264533,0.01112000,23452.40000000,0.01133
1749264533,0.01111000,24750.10000000,0.01133
1749264533,0.01110000,28323.80000000,0.01133
1749264533,0.01105000,2264.60000000,0.01133
1749264533,0.01104000,4493.00000000,0.01133
1749264533,0.01103000,24729.50000000,0.01133
1749264533,0.01102000,998.90000000,0.01133
1749264533,0.01101000,993.40000000,0.01133
1749264533,0.01100000,425390.70000000,0.01133
1749264533,0.01097000,1049.30000000,0.01133
1749264533,0.01096000,2345.40000000,0.01133
1749264533,0.01095000,4493.00000000,0.01133
1749264533,0.01094000,22950.00000000,0.01133
1749264533,0.01093000,3833.90000000,0.01133
1749264533,0.01092000,2313.00000000,0.01133
1749264533,0.01091000,45896.30000000,0.01133
1749264533,0.01090000,2770.40000000,0.01133
1749264533,0.01089000,1779.50000000,0.01133
1749264533,0.01086000,6148.90000000,0.01133
1749264533,0.01085000,2367.60000000,0.01133
1749264533,0.01083000,553.50000000,0.01133
1749264533,0.01082000,7237.80000000,0.01133
1749264533,0.01081000,46731.90000000,0.01133
1749264533,0.01080000,45500.00000000,0.01133
1749264533,0.01077000,7332.30000000,0.01133
1749264533,0.01076000,928.90000000,0.01133
1749264533,0.01075000,502.40000000,0.01133
1749264533,0.01071000,93448.10000000,0.01133
1749264533,0.01070000,982655.10000000,0.01133
1749264533,0.01069000,490.50000000,0.01133
1749264533,0.01068000,14465.70000000,0.01133
1749264533,0.01067000,502.40000000,0.01133
1749264533,0.01065000,3000.80000000,0.01133
1749264533,0.01063000,7685.30000000,0.01133
1749264533,0.01062000,47962.90000000,0.01133
1749264533,0.01061000,35200.00000000,0.01133
1749264533,0.01060000,6410.40000000,0.01133
1749264533,0.01058000,565.90000000,0.01133
1749264533,0.01055000,46500.00000000,0.01133
1749264533,0.01053000,808.20000000,0.01133
1749264533,0.01052000,8629.00000000,0.01133
1749264533,0.01051000,12941.70000000,0.01133
1749264533,0.01050000,89022.00000000,0.01133
1749264533,0.01049000,1519.20000000,0.01133
1749264533,0.01048000,46800.00000000,0.01133
1749264533,0.01046000,2870.40000000,0.01133
1749264533,0.01045000,1002.40000000,0.01133
1749264533,0.01043000,1795.00000000,0.01133
1749264533,0.01042000,51808.80000000,0.01133
1749264533,0.01041000,47526.20000000,0.01133
1749264533,0.01040000,7500.00000000,0.01133
1749264533,0.01039000,5378.20000000,0.01133
1749264533,0.01038000,1816.60000000,0.01133
1749264533,0.01037000,502.40000000,0.01133
1749264533,0.01034000,1810.70000000,0.01133
1749264533,0.01033000,5170.60000000,0.01133
1749264533,0.01030000,2354.30000000,0.01133
1749264533,0.01029000,1166.20000000,0.01133
1749264533,0.01027000,584.20000000,0.01133
1749264533,0.01025000,10117.10000000,0.01133
1749264533,0.01024000,4493.00000000,0.01133
1749264533,0.01022000,1980.80000000,0.01133
1749264533,0.01021000,565.90000000,0.01133
1749264533,0.01020000,2138.80000000,0.01133
1749264533,0.01019000,52346.20000000,0.01133
1749264533,0.01017000,2949.80000000,0.01133
1749264533,0.01016000,1842.70000000,0.01133
1749264533,0.01015000,60647.80000000,0.01133
1749264533,0.01011000,2247.30000000,0.01133
1749264533,0.01010000,185938.40000000,0.01133
1749264533,0.01009000,20925.70000000,0.01133
1749264533,0.01008000,992.00000000,0.01133
1749264533,0.01007000,2361.60000000,0.01133
1749264533,0.01006000,4493.00000000,0.01133
1749264533,0.01003000,5284.20000000,0.01133
1749264533,0.01002000,1119.40000000,0.01133
1749264533,0.01000000,496060.30000000,0.01133
1749264533,0.00999000,338734.10000000,0.01133
1749264835,0.01136000,252335.80000000,0.01136
1749264835,0.01135000,1032625.40000000,0.01136
1749264835,0.01134000,1572389.30000000,0.01136
1749264835,0.01133000,589999.50000000,0.01136
1749264835,0.01132000,628292.80000000,0.01136
1749264835,0.01131000,264924.50000000,0.01136
1749264835,0.01130000,638151.30000000,0.01136
1749264835,0.01129000,239489.20000000,0.01136
1749264835,0.01128000,218357.20000000,0.01136
1749264835,0.01127000,164498.50000000,0.01136
1749264835,0.01126000,109459.50000000,0.01136
1749264835,0.01125000,188217.60000000,0.01136
1749264835,0.01124000,79236.30000000,0.01136
1749264835,0.01123000,969640.00000000,0.01136
1749264835,0.01122000,92854.40000000,0.01136
1749264835,0.01121000,67100.10000000,0.01136
1749264835,0.01120000,95972.60000000,0.01136
1749264835,0.01119000,72431.00000000,0.01136
1749264835,0.01118000,311250.40000000,0.01136
1749264835,0.01117000,215806.30000000,0.01136
1749264835,0.01116000,22950.00000000,0.01136
1749264835,0.01115000,23515.90000000,0.01136
1749264835,0.01114000,48666.30000000,0.01136
1749264835,0.01113000,27443.00000000,0.01136
1749264835,0.01112000,23452.40000000,0.01136
1749264835,0.01111000,24750.10000000,0.01136
1749264835,0.01110000,28323.80000000,0.01136
1749264835,0.01105000,2264.60000000,0.01136
1749264835,0.01104000,4493.00000000,0.01136
1749264835,0.01103000,1779.50000000,0.01136
1749264835,0.01102000,998.90000000,0.01136
1749264835,0.01101000,993.40000000,0.01136
1749264835,0.01100000,402440.70000000,0.01136
1749264835,0.01097000,502.40000000,0.01136
1749264835,0.01096000,2345.40000000,0.01136
1749264835,0.01095000,4493.00000000,0.01136
1749264835,0.01093000,3833.90000000,0.01136
1749264835,0.01092000,2313.00000000,0.01136
1749264835,0.01091000,45896.30000000,0.01136
1749264835,0.01090000,2770.40000000,0.01136
1749264835,0.01089000,1779.50000000,0.01136
1749264835,0.01086000,6148.90000000,0.01136
1749264835,0.01085000,2367.60000000,0.01136
1749264835,0.01083000,553.50000000,0.01136
1749264835,0.01082000,7237.80000000,0.01136
1749264835,0.01081000,46731.90000000,0.01136
1749264835,0.01080000,45500.00000000,0.01136
1749264835,0.01077000,7332.30000000,0.01136
1749264835,0.01076000,928.90000000,0.01136
1749264835,0.01075000,502.40000000,0.01136
1749264835,0.01071000,93448.10000000,0.01136
1749264835,0.01070000,982655.10000000,0.01136
1749264835,0.01069000,490.50000000,0.01136
1749264835,0.01068000,14465.70000000,0.01136
1749264835,0.01067000,502.40000000,0.01136
1749264835,0.01065000,3000.80000000,0.01136
1749264835,0.01063000,6838.60000000,0.01136
1749264835,0.01062000,47962.90000000,0.01136
1749264835,0.01061000,35200.00000000,0.01136
1749264835,0.01060000,6410.40000000,0.01136
1749264835,0.01058000,565.90000000,0.01136
1749264835,0.01055000,46500.00000000,0.01136
1749264835,0.01053000,808.20000000,0.01136
1749264835,0.01052000,8629.00000000,0.01136
1749264835,0.01051000,12941.70000000,0.01136
1749264835,0.01050000,89022.00000000,0.01136
1749264835,0.01049000,1519.20000000,0.01136
1749264835,0.01048000,46800.00000000,0.01136
1749264835,0.01046000,2870.40000000,0.01136
1749264835,0.01045000,1002.40000000,0.01136
1749264835,0.01043000,1795.00000000,0.01136
1749264835,0.01042000,51808.80000000,0.01136
1749264835,0.01041000,47526.20000000,0.01136
1749264835,0.01040000,7500.00000000,0.01136
1749264835,0.01039000,5378.20000000,0.01136
1749264835,0.01038000,1816.60000000,0.01136
1749264835,0.01037000,502.40000000,0.01136
1749264835,0.01034000,1810.70000000,0.01136
1749264835,0.01033000,5170.60000000,0.01136
1749264835,0.01030000,2354.30000000,0.01136
1749264835,0.01027000,584.20000000,0.01136
1749264835,0.01025000,10117.10000000,0.01136
1749264835,0.01024000,4493.00000000,0.01136
1749264835,0.01022000,1980.80000000,0.01136
1749264835,0.01021000,565.90000000,0.01136
1749264835,0.01020000,2138.80000000,0.01136
1749264835,0.01019000,52346.20000000,0.01136
1749264835,0.01017000,2949.80000000,0.01136
1749264835,0.01016000,1842.70000000,0.01136
1749264835,0.01015000,60647.80000000,0.01136
1749264835,0.01011000,2247.30000000,0.01136
1749264835,0.01010000,185938.40000000,0.01136
1749264835,0.01009000,20925.70000000,0.01136
1749264835,0.01008000,992.00000000,0.01136
1749264835,0.01007000,2361.60000000,0.01136
1749264835,0.01006000,4493.00000000,0.01136
1749264835,0.01003000,5284.20000000,0.01136
1749264835,0.01002000,1119.40000000,0.01136
1749264835,0.01000000,496060.30000000,0.01136
1749264835,0.00999000,338734.10000000,0.01136
1749265136,0.01138000,45900.00000000,0.01138
1749265136,0.01137000,571805.80000000,0.01138
1749265136,0.01136000,1269073.70000000,0.01138
1749265136,0.01135000,1469474.00000000,0.01138
1749265136,0.01134000,245880.70000000,0.01138
1749265136,0.01133000,332771.10000000,0.01138
1749265136,0.01132000,859473.40000000,0.01138
1749265136,0.01131000,256462.80000000,0.01138
1749265136,0.01130000,108442.90000000,0.01138
1749265136,0.01129000,108451.50000000,0.01138
1749265136,0.01128000,218357.20000000,0.01138
1749265136,0.01127000,963837.30000000,0.01138
1749265136,0.01126000,162657.90000000,0.01138
1749265136,0.01125000,113795.30000000,0.01138
1749265136,0.01124000,79236.30000000,0.01138
1749265136,0.01123000,95669.10000000,0.01138
1749265136,0.01122000,71593.10000000,0.01138
1749265136,0.01121000,410903.10000000,0.01138
1749265136,0.01120000,70884.60000000,0.01138
1749265136,0.01119000,72431.00000000,0.01138
1749265136,0.01118000,22950.00000000,0.01138
1749265136,0.01117000,98418.80000000,0.01138
1749265136,0.01116000,22950.00000000,0.01138
1749265136,0.01115000,23515.90000000,0.01138
1749265136,0.01114000,23439.50000000,0.01138
1749265136,0.01113000,27443.00000000,0.01138
1749265136,0.01112000,23452.40000000,0.01138
1749265136,0.01111000,1800.10000000,0.01138
1749265136,0.01110000,5373.80000000,0.01138
1749265136,0.01105000,2264.60000000,0.01138
1749265136,0.01104000,4493.00000000,0.01138
1749265136,0.01103000,1779.50000000,0.01138
1749265136,0.01102000,998.90000000,0.01138
1749265136,0.01101000,993.40000000,0.01138
1749265136,0.01100000,402440.70000000,0.01138
1749265136,0.01097000,502.40000000,0.01138
1749265136,0.01096000,2345.40000000,0.01138
1749265136,0.01095000,4493.00000000,0.01138
1749265136,0.01093000,3833.90000000,0.01138
1749265136,0.01092000,2313.00000000,0.01138
1749265136,0.01091000,45896.30000000,0.01138
1749265136,0.01090000,2770.40000000,0.01138
1749265136,0.01089000,1779.50000000,0.01138
1749265136,0.01086000,6148.90000000,0.01138
1749265136,0.01085000,2367.60000000,0.01138
1749265136,0.01083000,553.50000000,0.01138
1749265136,0.01082000,7237.80000000,0.01138
1749265136,0.01081000,46731.90000000,0.01138
1749265136,0.01080000,45500.00000000,0.01138
1749265136,0.01077000,7332.30000000,0.01138
1749265136,0.01076000,928.90000000,0.01138
1749265136,0.01075000,502.40000000,0.01138
1749265136,0.01071000,93448.10000000,0.01138
1749265136,0.01070000,982655.10000000,0.01138
1749265136,0.01069000,490.50000000,0.01138
1749265136,0.01068000,14465.70000000,0.01138
1749265136,0.01067000,502.40000000,0.01138
1749265136,0.01065000,3000.80000000,0.01138
1749265136,0.01063000,6838.60000000,0.01138
1749265136,0.01062000,47962.90000000,0.01138
1749265136,0.01061000,35200.00000000,0.01138
1749265136,0.01060000,6410.40000000,0.01138
1749265136,0.01058000,565.90000000,0.01138
1749265136,0.01055000,46500.00000000,0.01138
1749265136,0.01053000,808.20000000,0.01138
1749265136,0.01052000,8629.00000000,0.01138
1749265136,0.01051000,12941.70000000,0.01138
1749265136,0.01050000,89022.00000000,0.01138
1749265136,0.01049000,1519.20000000,0.01138
1749265136,0.01048000,46800.00000000,0.01138
1749265136,0.01046000,2870.40000000,0.01138
1749265136,0.01045000,1002.40000000,0.01138
1749265136,0.01043000,1795.00000000,0.01138
1749265136,0.01042000,51808.80000000,0.01138
1749265136,0.01041000,47526.20000000,0.01138
1749265136,0.01040000,7500.00000000,0.01138
1749265136,0.01039000,5378.20000000,0.01138
1749265136,0.01038000,1816.60000000,0.01138
1749265136,0.01037000,502.40000000,0.01138
1749265136,0.01034000,1810.70000000,0.01138
1749265136,0.01033000,5170.60000000,0.01138
1749265136,0.01030000,2354.30000000,0.01138
1749265136,0.01027000,584.20000000,0.01138
1749265136,0.01025000,10117.10000000,0.01138
1749265136,0.01024000,6622.20000000,0.01138
1749265136,0.01022000,1980.80000000,0.01138
1749265136,0.01021000,565.90000000,0.01138
1749265136,0.01019000,52346.20000000,0.01138
1749265136,0.01017000,2949.80000000,0.01138
1749265136,0.01016000,1842.70000000,0.01138
1749265136,0.01015000,60647.80000000,0.01138
1749265136,0.01011000,2247.30000000,0.01138
1749265136,0.01010000,185938.40000000,0.01138
1749265136,0.01009000,20925.70000000,0.01138
1749265136,0.01008000,992.00000000,0.01138
1749265136,0.01007000,2361.60000000,0.01138
1749265136,0.01006000,4493.00000000,0.01138
1749265136,0.01003000,5284.20000000,0.01138
1749265136,0.01002000,1119.40000000,0.01138
1749265136,0.01000000,496060.30000000,0.01138
1749265438,0.01138000,121663.80000000,0.01138
1749265438,0.01137000,1195317.70000000,0.01138
1749265438,0.01136000,1231897.70000000,0.01138
1749265438,0.01135000,461188.90000000,0.01138
1749265438,0.01134000,484759.10000000,0.01138
1749265438,0.01133000,207873.40000000,0.01138
1749265438,0.01132000,995058.10000000,0.01138
1749265438,0.01131000,161190.40000000,0.01138
1749265438,0.01130000,189739.90000000,0.01138
1749265438,0.01129000,162261.30000000,0.01138
1749265438,0.01128000,218955.80000000,0.01138
1749265438,0.01127000,963837.30000000,0.01138
1749265438,0.01126000,162657.90000000,0.01138
1749265438,0.01125000,113795.30000000,0.01138
1749265438,0.01124000,79236.30000000,0.01138
1749265438,0.01123000,95669.10000000,0.01138
1749265438,0.01122000,71593.10000000,0.01138
1749265438,0.01121000,410903.10000000,0.01138
1749265438,0.01120000,70884.60000000,0.01138
1749265438,0.01119000,72431.00000000,0.01138
1749265438,0.01118000,22950.00000000,0.01138
1749265438,0.01117000,98418.80000000,0.01138
1749265438,0.01116000,22950.00000000,0.01138
1749265438,0.01115000,23515.90000000,0.01138
1749265438,0.01114000,23439.50000000,0.01138
1749265438,0.01113000,27443.00000000,0.01138
1749265438,0.01112000,23452.40000000,0.01138
1749265438,0.01111000,1800.10000000,0.01138
1749265438,0.01110000,5373.80000000,0.01138
1749265438,0.01109000,22950.00000000,0.01138
1749265438,0.01105000,2264.60000000,0.01138
1749265438,0.01104000,4493.00000000,0.01138
1749265438,0.01103000,1779.50000000,0.01138
1749265438,0.01102000,998.90000000,0.01138
1749265438,0.01101000,993.40000000,0.01138
1749265438,0.01100000,402440.70000000,0.01138
1749265438,0.01097000,502.40000000,0.01138
1749265438,0.01096000,2345.40000000,0.01138
1749265438,0.01095000,4493.00000000,0.01138
1749265438,0.01093000,3833.90000000,0.01138
1749265438,0.01092000,2313.00000000,0.01138
1749265438,0.01091000,45896.30000000,0.01138
1749265438,0.01090000,2770.40000000,0.01138
1749265438,0.01089000,1779.50000000,0.01138
1749265438,0.01086000,6148.90000000,0.01138
1749265438,0.01085000,2367.60000000,0.01138
1749265438,0.01083000,553.50000000,0.01138
1749265438,0.01082000,7237.80000000,0.01138
1749265438,0.01081000,46731.90000000,0.01138
1749265438,0.01080000,45500.00000000,0.01138
1749265438,0.01077000,7332.30000000,0.01138
1749265438,0.01076000,928.90000000,0.01138
1749265438,0.01075000,502.40000000,0.01138
1749265438,0.01071000,93448.10000000,0.01138
1749265438,0.01070000,982655.10000000,0.01138
1749265438,0.01069000,490.50000000,0.01138
1749265438,0.01068000,14465.70000000,0.01138
1749265438,0.01067000,502.40000000,0.01138
1749265438,0.01065000,3000.80000000,0.01138
1749265438,0.01063000,5897.80000000,0.01138
1749265438,0.01062000,48904.60000000,0.01138
1749265438,0.01061000,35200.00000000,0.01138
1749265438,0.01060000,6410.40000000,0.01138
1749265438,0.01058000,565.90000000,0.01138
1749265438,0.01055000,46500.00000000,0.01138
1749265438,0.01053000,808.20000000,0.01138
1749265438,0.01052000,8629.00000000,0.01138
1749265438,0.01051000,12941.70000000,0.01138
1749265438,0.01050000,89022.00000000,0.01138
1749265438,0.01049000,1519.20000000,0.01138
1749265438,0.01048000,46800.00000000,0.01138
1749265438,0.01046000,2870.40000000,0.01138
1749265438,0.01045000,1002.40000000,0.01138
1749265438,0.01043000,1795.00000000,0.01138
1749265438,0.01042000,51808.80000000,0.01138
1749265438,0.01041000,47526.20000000,0.01138
1749265438,0.01040000,7500.00000000,0.01138
1749265438,0.01039000,5378.20000000,0.01138
1749265438,0.01038000,1816.60000000,0.01138
1749265438,0.01037000,502.40000000,0.01138
1749265438,0.01034000,1810.70000000,0.01138
1749265438,0.01033000,5170.60000000,0.01138
1749265438,0.01030000,2354.30000000,0.01138
1749265438,0.01027000,584.20000000,0.01138
1749265438,0.01025000,10117.10000000,0.01138
1749265438,0.01024000,4493.00000000,0.01138
1749265438,0.01023000,2131.20000000,0.01138
1749265438,0.01022000,1980.80000000,0.01138
1749265438,0.01021000,565.90000000,0.01138
1749265438,0.01019000,52346.20000000,0.01138
1749265438,0.01017000,2949.80000000,0.01138
1749265438,0.01016000,1842.70000000,0.01138
1749265438,0.01015000,60647.80000000,0.01138
1749265438,0.01011000,2247.30000000,0.01138
1749265438,0.01010000,185938.40000000,0.01138
1749265438,0.01009000,20925.70000000,0.01138
1749265438,0.01008000,992.00000000,0.01138
1749265438,0.01007000,2361.60000000,0.01138
1749265438,0.01006000,4493.00000000,0.01138
1749265438,0.01003000,5284.20000000,0.01138
1749265739,0.01139000,262512.90000000,0.01139
1749265739,0.01138000,541368.20000000,0.01139
1749265739,0.01137000,1271292.10000000,0.01139
1749265739,0.01136000,562174.50000000,0.01139
1749265739,0.01135000,660032.50000000,0.01139
1749265739,0.01134000,962985.30000000,0.01139
1749265739,0.01133000,367963.90000000,0.01139
1749265739,0.01132000,698906.60000000,0.01139
1749265739,0.01131000,160514.70000000,0.01139
1749265739,0.01130000,110099.70000000,0.01139
1749265739,0.01129000,76821.70000000,0.01139
1749265739,0.01128000,76838.90000000,0.01139
1749265739,0.01127000,77349.90000000,0.01139
1749265739,0.01126000,162657.90000000,0.01139
1749265739,0.01125000,113795.30000000,0.01139
1749265739,0.01124000,69445.50000000,0.01139
1749265739,0.01123000,95669.10000000,0.01139
1749265739,0.01122000,71593.10000000,0.01139
1749265739,0.01121000,410903.10000000,0.01139
1749265739,0.01120000,30267.10000000,0.01139
1749265739,0.01119000,28280.90000000,0.01139
1749265739,0.01118000,22950.00000000,0.01139
1749265739,0.01117000,94876.70000000,0.01139
1749265739,0.01116000,22950.00000000,0.01139
1749265739,0.01115000,23515.90000000,0.01139
1749265739,0.01114000,23439.50000000,0.01139
1749265739,0.01113000,27443.00000000,0.01139
1749265739,0.01112000,502.40000000,0.01139
1749265739,0.01111000,1800.10000000,0.01139
1749265739,0.01110000,5373.80000000,0.01139
1749265739,0.01105000,2264.60000000,0.01139
1749265739,0.01104000,4493.00000000,0.01139
1749265739,0.01103000,1779.50000000,0.01139
1749265739,0.01102000,998.90000000,0.01139
1749265739,0.01101000,993.40000000,0.01139
1749265739,0.01100000,402440.70000000,0.01139
1749265739,0.01097000,502.40000000,0.01139
1749265739,0.01096000,2345.40000000,0.01139
1749265739,0.01095000,4493.00000000,0.01139
1749265739,0.01093000,3833.90000000,0.01139
1749265739,0.01092000,2313.00000000,0.01139
1749265739,0.01091000,45896.30000000,0.01139
1749265739,0.01090000,2770.40000000,0.01139
1749265739,0.01089000,1779.50000000,0.01139
1749265739,0.01086000,6148.90000000,0.01139
1749265739,0.01085000,2367.60000000,0.01139
1749265739,0.01083000,553.50000000,0.01139
1749265739,0.01082000,7237.80000000,0.01139
1749265739,0.01081000,46731.90000000,0.01139
1749265739,0.01080000,45500.00000000,0.01139
1749265739,0.01077000,7332.30000000,0.01139
1749265739,0.01076000,928.90000000,0.01139
1749265739,0.01075000,502.40000000,0.01139
1749265739,0.01071000,93448.10000000,0.01139
1749265739,0.01070000,982655.10000000,0.01139
1749265739,0.01069000,490.50000000,0.01139
1749265739,0.01068000,14465.70000000,0.01139
1749265739,0.01067000,502.40000000,0.01139
1749265739,0.01065000,3000.80000000,0.01139
1749265739,0.01063000,5897.80000000,0.01139
1749265739,0.01062000,48904.60000000,0.01139
1749265739,0.01061000,35200.00000000,0.01139
1749265739,0.01060000,6410.40000000,0.01139
1749265739,0.01058000,565.90000000,0.01139
1749265739,0.01055000,46500.00000000,0.01139
1749265739,0.01053000,808.20000000,0.01139
1749265739,0.01052000,8629.00000000,0.01139
1749265739,0.01051000,12941.70000000,0.01139
1749265739,0.01050000,89022.00000000,0.01139
1749265739,0.01049000,1519.20000000,0.01139
1749265739,0.01048000,46800.00000000,0.01139
1749265739,0.01046000,2870.40000000,0.01139
1749265739,0.01045000,1002.40000000,0.01139
1749265739,0.01043000,1795.00000000,0.01139
1749265739,0.01042000,51808.80000000,0.01139
1749265739,0.01041000,47526.20000000,0.01139
1749265739,0.01040000,7500.00000000,0.01139
1749265739,0.01039000,5378.20000000,0.01139
1749265739,0.01038000,1816.60000000,0.01139
1749265739,0.01037000,502.40000000,0.01139
1749265739,0.01034000,1810.70000000,0.01139
1749265739,0.01033000,5170.60000000,0.01139
1749265739,0.01030000,2354.30000000,0.01139
1749265739,0.01027000,584.20000000,0.01139
1749265739,0.01025000,10117.10000000,0.01139
1749265739,0.01024000,4493.00000000,0.01139
1749265739,0.01023000,2131.20000000,0.01139
1749265739,0.01022000,1980.80000000,0.01139
1749265739,0.01021000,565.90000000,0.01139
1749265739,0.01019000,52346.20000000,0.01139
1749265739,0.01017000,2949.80000000,0.01139
1749265739,0.01016000,1842.70000000,0.01139
1749265739,0.01015000,60647.80000000,0.01139
1749265739,0.01011000,2247.30000000,0.01139
1749265739,0.01010000,185938.40000000,0.01139
1749265739,0.01009000,20925.70000000,0.01139
1749265739,0.01008000,992.00000000,0.01139
1749265739,0.01007000,2361.60000000,0.01139
1749265739,0.01006000,4493.00000000,0.01139
1749265739,0.01003000,5284.20000000,0.01139
1749266041,0.01140000,283648.00000000,0.0114
1749266041,0.01139000,607702.30000000,0.0114
1749266041,0.01138000,823715.20000000,0.0114
1749266041,0.01137000,1036096.70000000,0.0114
1749266041,0.01136000,536892.10000000,0.0114
1749266041,0.01135000,701518.00000000,0.0114
1749266041,0.01134000,673612.90000000,0.0114
1749266041,0.01133000,293085.70000000,0.0114
1749266041,0.01132000,108418.70000000,0.0114
1749266041,0.01131000,132319.30000000,0.0114
1749266041,0.01130000,219793.70000000,0.0114
1749266041,0.01129000,167070.30000000,0.0114
1749266041,0.01128000,962598.30000000,0.0114
1749266041,0.01127000,77349.90000000,0.0114
1749266041,0.01126000,102281.10000000,0.0114
1749266041,0.01125000,88330.50000000,0.0114
1749266041,0.01124000,73561.70000000,0.0114
1749266041,0.01123000,73682.70000000,0.0114
1749266041,0.01122000,71593.10000000,0.0114
1749266041,0.01121000,366753.00000000,0.0114
1749266041,0.01120000,52313.00000000,0.0114
1749266041,0.01119000,24146.30000000,0.0114
1749266041,0.01118000,22950.00000000,0.0114
1749266041,0.01117000,69229.50000000,0.0114
1749266041,0.01116000,22950.00000000,0.0114
1749266041,0.01115000,23515.90000000,0.0114
1749266041,0.01114000,23439.50000000,0.0114
1749266041,0.01113000,4493.00000000,0.0114
1749266041,0.01112000,502.40000000,0.0114
1749266041,0.01111000,1800.10000000,0.0114
1749266041,0.01110000,5373.80000000,0.0114
1749266041,0.01105000,2264.60000000,0.0114
1749266041,0.01104000,4493.00000000,0.0114
1749266041,0.01103000,1779.50000000,0.0114
1749266041,0.01102000,998.90000000,0.0114
1749266041,0.01101000,993.40000000,0.0114
1749266041,0.01100000,402440.70000000,0.0114
1749266041,0.01097000,502.40000000,0.0114
1749266041,0.01096000,2345.40000000,0.0114
1749266041,0.01095000,4493.00000000,0.0114
1749266041,0.01093000,3833.90000000,0.0114
1749266041,0.01092000,2313.00000000,0.0114
1749266041,0.01091000,45896.30000000,0.0114
1749266041,0.01090000,2770.40000000,0.0114
1749266041,0.01089000,1779.50000000,0.0114
1749266041,0.01086000,6148.90000000,0.0114
1749266041,0.01085000,2367.60000000,0.0114
1749266041,0.01083000,553.50000000,0.0114
1749266041,0.01082000,7237.80000000,0.0114
1749266041,0.01081000,46731.90000000,0.0114
1749266041,0.01080000,45500.00000000,0.0114
1749266041,0.01077000,7332.30000000,0.0114
1749266041,0.01076000,928.90000000,0.0114
1749266041,0.01075000,502.40000000,0.0114
1749266041,0.01071000,93448.10000000,0.0114
1749266041,0.01070000,982655.10000000,0.0114
1749266041,0.01069000,490.50000000,0.0114
1749266041,0.01068000,14465.70000000,0.0114
1749266041,0.01067000,502.40000000,0.0114
1749266041,0.01065000,3000.80000000,0.0114
1749266041,0.01063000,5897.80000000,0.0114
1749266041,0.01062000,48904.60000000,0.0114
1749266041,0.01061000,35200.00000000,0.0114
1749266041,0.01060000,6410.40000000,0.0114
1749266041,0.01058000,565.90000000,0.0114
1749266041,0.01055000,46500.00000000,0.0114
1749266041,0.01053000,808.20000000,0.0114
1749266041,0.01052000,8629.00000000,0.0114
1749266041,0.01051000,12941.70000000,0.0114
1749266041,0.01050000,89022.00000000,0.0114
1749266041,0.01049000,1519.20000000,0.0114
1749266041,0.01048000,46800.00000000,0.0114
1749266041,0.01046000,2870.40000000,0.0114
1749266041,0.01045000,1002.40000000,0.0114
1749266041,0.01043000,1795.00000000,0.0114
1749266041,0.01042000,51808.80000000,0.0114
1749266041,0.01041000,47526.20000000,0.0114
1749266041,0.01040000,7500.00000000,0.0114
1749266041,0.01039000,5378.20000000,0.0114
1749266041,0.01038000,1816.60000000,0.0114
1749266041,0.01037000,502.40000000,0.0114
1749266041,0.01034000,1810.70000000,0.0114
1749266041,0.01033000,5170.60000000,0.0114
1749266041,0.01030000,2354.30000000,0.0114
1749266041,0.01027000,584.20000000,0.0114
1749266041,0.01025000,12244.70000000,0.0114
1749266041,0.01024000,4493.00000000,0.0114
1749266041,0.01022000,1980.80000000,0.0114
1749266041,0.01021000,565.90000000,0.0114
1749266041,0.01019000,52346.20000000,0.0114
1749266041,0.01017000,2949.80000000,0.0114
1749266041,0.01016000,1842.70000000,0.0114
1749266041,0.01015000,60647.80000000,0.0114
1749266041,0.01011000,2247.30000000,0.0114
1749266041,0.01010000,185938.40000000,0.0114
1749266041,0.01009000,20925.70000000,0.0114
1749266041,0.01008000,992.00000000,0.0114
1749266041,0.01007000,2361.60000000,0.0114
1749266041,0.01006000,4493.00000000,0.0114
1749266041,0.01003000,5284.20000000,0.0114
1749266342,0.01140000,67100.10000000,0.01141
1749266342,0.01139000,421590.80000000,0.01141
1749266342,0.01138000,1521603.70000000,0.01141
1749266342,0.01137000,848118.80000000,0.01141
1749266342,0.01136000,299870.90000000,0.01141
1749266342,0.01135000,698858.70000000,0.01141
1749266342,0.01134000,687361.20000000,0.01141
1749266342,0.01133000,201395.60000000,0.01141
1749266342,0.01132000,108418.70000000,0.01141
1749266342,0.01131000,106989.50000000,0.01141
1749266342,0.01130000,219793.70000000,0.01141
1749266342,0.01129000,187795.80000000,0.01141
1749266342,0.01128000,999404.90000000,0.01141
1749266342,0.01127000,77349.90000000,0.01141
1749266342,0.01126000,76838.90000000,0.01141
1749266342,0.01125000,67100.10000000,0.01141
1749266342,0.01124000,312292.50000000,0.01141
1749266342,0.01123000,73682.70000000,0.01141
1749266342,0.01122000,75716.70000000,0.01141
1749266342,0.01121000,123256.10000000,0.01141
1749266342,0.01120000,52313.00000000,0.01141
1749266342,0.01119000,24146.30000000,0.01141
1749266342,0.01118000,22950.00000000,0.01141
1749266342,0.01117000,69229.50000000,0.01141
1749266342,0.01116000,22950.00000000,0.01141
1749266342,0.01115000,23515.90000000,0.01141
1749266342,0.01114000,489.50000000,0.01141
1749266342,0.01113000,4493.00000000,0.01141
1749266342,0.01112000,502.40000000,0.01141
1749266342,0.01111000,24750.10000000,0.01141
1749266342,0.01110000,5373.80000000,0.01141
1749266342,0.01105000,2264.60000000,0.01141
1749266342,0.01104000,4493.00000000,0.01141
1749266342,0.01103000,1779.50000000,0.01141
1749266342,0.01102000,998.90000000,0.01141
1749266342,0.01101000,993.40000000,0.01141
1749266342,0.01100000,402440.70000000,0.01141
1749266342,0.01097000,502.40000000,0.01141
1749266342,0.01096000,2345.40000000,0.01141
1749266342,0.01095000,4493.00000000,0.01141
1749266342,0.01093000,3833.90000000,0.01141
1749266342,0.01092000,2313.00000000,0.01141
1749266342,0.01091000,45896.30000000,0.01141
1749266342,0.01090000,2770.40000000,0.01141
1749266342,0.01089000,1779.50000000,0.01141
1749266342,0.01086000,6148.90000000,0.01141
1749266342,0.01085000,2367.60000000,0.01141
1749266342,0.01083000,553.50000000,0.01141
1749266342,0.01082000,7237.80000000,0.01141
1749266342,0.01081000,46731.90000000,0.01141
1749266342,0.01080000,45500.00000000,0.01141
1749266342,0.01077000,7332.30000000,0.01141
1749266342,0.01076000,928.90000000,0.01141
1749266342,0.01075000,502.40000000,0.01141
1749266342,0.01071000,93448.10000000,0.01141
1749266342,0.01070000,982655.10000000,0.01141
1749266342,0.01069000,490.50000000,0.01141
1749266342,0.01068000,14465.70000000,0.01141
1749266342,0.01067000,502.40000000,0.01141
1749266342,0.01065000,3000.80000000,0.01141
1749266342,0.01063000,6838.60000000,0.01141
1749266342,0.01062000,47962.90000000,0.01141
1749266342,0.01061000,35200.00000000,0.01141
1749266342,0.01060000,6410.40000000,0.01141
1749266342,0.01058000,565.90000000,0.01141
1749266342,0.01055000,46500.00000000,0.01141
1749266342,0.01053000,808.20000000,0.01141
1749266342,0.01052000,8629.00000000,0.01141
1749266342,0.01051000,12941.70000000,0.01141
1749266342,0.01050000,89022.00000000,0.01141
1749266342,0.01049000,1519.20000000,0.01141
1749266342,0.01048000,46800.00000000,0.01141
1749266342,0.01046000,2870.40000000,0.01141
1749266342,0.01045000,1002.40000000,0.01141
1749266342,0.01043000,1795.00000000,0.01141
1749266342,0.01042000,51808.80000000,0.01141
1749266342,0.01041000,47526.20000000,0.01141
1749266342,0.01040000,7500.00000000,0.01141
1749266342,0.01039000,5378.20000000,0.01141
1749266342,0.01038000,1816.60000000,0.01141
1749266342,0.01037000,502.40000000,0.01141
1749266342,0.01034000,1810.70000000,0.01141
1749266342,0.01033000,5170.60000000,0.01141
1749266342,0.01030000,2354.30000000,0.01141
1749266342,0.01027000,584.20000000,0.01141
1749266342,0.01025000,12244.70000000,0.01141
1749266342,0.01024000,4493.00000000,0.01141
1749266342,0.01022000,1980.80000000,0.01141
1749266342,0.01021000,565.90000000,0.01141
1749266342,0.01019000,52346.20000000,0.01141
1749266342,0.01017000,2949.80000000,0.01141
1749266342,0.01016000,1842.70000000,0.01141
1749266342,0.01015000,60647.80000000,0.01141
1749266342,0.01011000,2247.30000000,0.01141
1749266342,0.01010000,185938.40000000,0.01141
1749266342,0.01009000,20925.70000000,0.01141
1749266342,0.01008000,992.00000000,0.01141
1749266342,0.01007000,2361.60000000,0.01141
1749266342,0.01006000,4493.00000000,0.01141
1749266342,0.01003000,5284.20000000,0.01141
1749266651,0.01140000,236701.70000000,0.0114
1749266651,0.01139000,986810.00000000,0.0114
1749266651,0.01138000,1327960.40000000,0.0114
1749266651,0.01137000,140470.50000000,0.0114
1749266651,0.01136000,722111.70000000,0.0114
1749266651,0.01135000,457563.30000000,0.0114
1749266651,0.01134000,823351.90000000,0.0114
1749266651,0.01133000,166926.60000000,0.0114
1749266651,0.01132000,189599.10000000,0.0114
1749266651,0.01131000,160559.20000000,0.0114
1749266651,0.01130000,219793.70000000,0.0114
1749266651,0.01129000,162421.20000000,0.0114
1749266651,0.01128000,999404.90000000,0.0114
1749266651,0.01127000,77349.90000000,0.0114
1749266651,0.01126000,102281.10000000,0.0114
1749266651,0.01125000,67100.10000000,0.0114
1749266651,0.01124000,69445.50000000,0.0114
1749266651,0.01123000,70158.90000000,0.0114
1749266651,0.01122000,75716.70000000,0.0114
1749266651,0.01121000,366753.00000000,0.0114
1749266651,0.01120000,55846.20000000,0.0114
1749266651,0.01119000,24146.30000000,0.0114
1749266651,0.01118000,22950.00000000,0.0114
1749266651,0.01117000,69229.50000000,0.0114
1749266651,0.01116000,22950.00000000,0.0114
1749266651,0.01115000,23515.90000000,0.0114
1749266651,0.01114000,489.50000000,0.0114
1749266651,0.01113000,4493.00000000,0.0114
1749266651,0.01112000,502.40000000,0.0114
1749266651,0.01111000,24750.10000000,0.0114
1749266651,0.01110000,5373.80000000,0.0114
1749266651,0.01105000,2264.60000000,0.0114
1749266651,0.01104000,4493.00000000,0.0114
1749266651,0.01103000,1779.50000000,0.0114
1749266651,0.01102000,998.90000000,0.0114
1749266651,0.01101000,993.40000000,0.0114
1749266651,0.01100000,402440.70000000,0.0114
1749266651,0.01097000,502.40000000,0.0114
1749266651,0.01096000,2345.40000000,0.0114
1749266651,0.01095000,4493.00000000,0.0114
1749266651,0.01093000,3833.90000000,0.0114
1749266651,0.01092000,2313.00000000,0.0114
1749266651,0.01091000,45896.30000000,0.0114
1749266651,0.01090000,2770.40000000,0.0114
1749266651,0.01089000,1779.50000000,0.0114
1749266651,0.01086000,6148.90000000,0.0114
1749266651,0.01085000,2367.60000000,0.0114
1749266651,0.01083000,553.50000000,0.0114
1749266651,0.01082000,7237.80000000,0.0114
1749266651,0.01081000,46731.90000000,0.0114
1749266651,0.01080000,45500.00000000,0.0114
1749266651,0.01077000,7332.30000000,0.0114
1749266651,0.01076000,928.90000000,0.0114
1749266651,0.01075000,502.40000000,0.0114
1749266651,0.01071000,93448.10000000,0.0114
1749266651,0.01070000,982655.10000000,0.0114
1749266651,0.01069000,490.50000000,0.0114
1749266651,0.01068000,14465.70000000,0.0114
1749266651,0.01067000,502.40000000,0.0114
1749266651,0.01065000,3000.80000000,0.0114
1749266651,0.01063000,6838.60000000,0.0114
1749266651,0.01062000,47962.90000000,0.0114
1749266651,0.01061000,35200.00000000,0.0114
1749266651,0.01060000,6410.40000000,0.0114
1749266651,0.01058000,565.90000000,0.0114
1749266651,0.01055000,46500.00000000,0.0114
1749266651,0.01053000,808.20000000,0.0114
1749266651,0.01052000,8629.00000000,0.0114
1749266651,0.01051000,12941.70000000,0.0114
1749266651,0.01050000,89022.00000000,0.0114
1749266651,0.01049000,1519.20000000,0.0114
1749266651,0.01048000,46800.00000000,0.0114
1749266651,0.01046000,2870.40000000,0.0114
1749266651,0.01045000,1002.40000000,0.0114
1749266651,0.01043000,1795.00000000,0.0114
1749266651,0.01042000,51808.80000000,0.0114
1749266651,0.01041000,47526.20000000,0.0114
1749266651,0.01040000,7500.00000000,0.0114
1749266651,0.01039000,5378.20000000,0.0114
1749266651,0.01038000,1816.60000000,0.0114
1749266651,0.01037000,502.40000000,0.0114
1749266651,0.01034000,1810.70000000,0.0114
1749266651,0.01033000,5170.60000000,0.0114
1749266651,0.01030000,2354.30000000,0.0114
1749266651,0.01027000,584.20000000,0.0114
1749266651,0.01025000,12244.70000000,0.0114
1749266651,0.01024000,4493.00000000,0.0114
1749266651,0.01022000,1980.80000000,0.0114
1749266651,0.01021000,565.90000000,0.0114
1749266651,0.01019000,52346.20000000,0.0114
1749266651,0.01017000,2949.80000000,0.0114
1749266651,0.01016000,1842.70000000,0.0114
1749266651,0.01015000,60647.80000000,0.0114
1749266651,0.01011000,2247.30000000,0.0114
1749266651,0.01010000,185938.40000000,0.0114
1749266651,0.01009000,20925.70000000,0.0114
1749266651,0.01008000,992.00000000,0.0114
1749266651,0.01007000,2361.60000000,0.0114
1749266651,0.01006000,4493.00000000,0.0114
1749266651,0.01003000,5284.20000000,0.0114
1749266953,0.01140000,278561.30000000,0.01141
1749266953,0.01139000,924251.90000000,0.01141
1749266953,0.01138000,870266.20000000,0.01141
1749266953,0.01137000,973205.60000000,0.01141
1749266953,0.01136000,292969.90000000,0.01141
1749266953,0.01135000,689597.40000000,0.01141
1749266953,0.01134000,614673.70000000,0.01141
1749266953,0.01133000,161006.30000000,0.01141
1749266953,0.01132000,108418.70000000,0.01141
1749266953,0.01131000,106989.50000000,0.01141
1749266953,0.01130000,219793.70000000,0.01141
1749266953,0.01129000,162421.20000000,0.01141
1749266953,0.01128000,999404.90000000,0.01141
1749266953,0.01127000,77349.90000000,0.01141
1749266953,0.01126000,92542.30000000,0.01141
1749266953,0.01125000,71213.70000000,0.01141
1749266953,0.01124000,72967.20000000,0.01141
1749266953,0.01123000,70158.90000000,0.01141
1749266953,0.01122000,71593.10000000,0.01141
1749266953,0.01121000,366753.00000000,0.01141
1749266953,0.01120000,52313.00000000,0.01141
1749266953,0.01119000,24146.30000000,0.01141
1749266953,0.01118000,22950.00000000,0.01141
1749266953,0.01117000,69229.50000000,0.01141
1749266953,0.01116000,22950.00000000,0.01141
1749266953,0.01115000,23515.90000000,0.01141
1749266953,0.01114000,489.50000000,0.01141
1749266953,0.01113000,4493.00000000,0.01141
1749266953,0.01112000,502.40000000,0.01141
1749266953,0.01111000,24750.10000000,0.01141
1749266953,0.01110000,5373.80000000,0.01141
1749266953,0.01105000,2264.60000000,0.01141
1749266953,0.01104000,4493.00000000,0.01141
1749266953,0.01103000,1779.50000000,0.01141
1749266953,0.01102000,998.90000000,0.01141
1749266953,0.01101000,993.40000000,0.01141
1749266953,0.01100000,312350.70000000,0.01141
1749266953,0.01097000,502.40000000,0.01141
1749266953,0.01096000,2345.40000000,0.01141
1749266953,0.01095000,4493.00000000,0.01141
1749266953,0.01093000,3833.90000000,0.01141
1749266953,0.01092000,2313.00000000,0.01141
1749266953,0.01091000,45896.30000000,0.01141
1749266953,0.01090000,2770.40000000,0.01141
1749266953,0.01089000,1779.50000000,0.01141
1749266953,0.01086000,6148.90000000,0.01141
1749266953,0.01085000,2367.60000000,0.01141
1749266953,0.01083000,553.50000000,0.01141
1749266953,0.01082000,7237.80000000,0.01141
1749266953,0.01081000,46731.90000000,0.01141
1749266953,0.01080000,45500.00000000,0.01141
1749266953,0.01077000,7332.30000000,0.01141
1749266953,0.01076000,928.90000000,0.01141
1749266953,0.01075000,502.40000000,0.01141
1749266953,0.01071000,108605.30000000,0.01141
1749266953,0.01070000,982655.10000000,0.01141
1749266953,0.01069000,490.50000000,0.01141
1749266953,0.01068000,14465.70000000,0.01141
1749266953,0.01067000,502.40000000,0.01141
1749266953,0.01065000,3000.80000000,0.01141
1749266953,0.01063000,6838.60000000,0.01141
1749266953,0.01062000,47962.90000000,0.01141
1749266953,0.01061000,35200.00000000,0.01141
1749266953,0.01060000,6410.40000000,0.01141
1749266953,0.01058000,565.90000000,0.01141
1749266953,0.01055000,46500.00000000,0.01141
1749266953,0.01053000,808.20000000,0.01141
1749266953,0.01052000,8629.00000000,0.01141
1749266953,0.01051000,12941.70000000,0.01141
1749266953,0.01050000,89022.00000000,0.01141
1749266953,0.01049000,1519.20000000,0.01141
1749266953,0.01048000,46800.00000000,0.01141
1749266953,0.01046000,2870.40000000,0.01141
1749266953,0.01045000,1002.40000000,0.01141
1749266953,0.01043000,1795.00000000,0.01141
1749266953,0.01042000,51808.80000000,0.01141
1749266953,0.01041000,47526.20000000,0.01141
1749266953,0.01040000,7500.00000000,0.01141
1749266953,0.01039000,5378.20000000,0.01141
1749266953,0.01038000,1816.60000000,0.01141
1749266953,0.01037000,502.40000000,0.01141
1749266953,0.01034000,1810.70000000,0.01141
1749266953,0.01033000,5170.60000000,0.01141
1749266953,0.01030000,2354.30000000,0.01141
1749266953,0.01027000,584.20000000,0.01141
1749266953,0.01026000,2125.60000000,0.01141
1749266953,0.01025000,10117.10000000,0.01141
1749266953,0.01024000,4493.00000000,0.01141
1749266953,0.01022000,1980.80000000,0.01141
1749266953,0.01021000,565.90000000,0.01141
1749266953,0.01019000,52346.20000000,0.01141
1749266953,0.01017000,2949.80000000,0.01141
1749266953,0.01016000,1842.70000000,0.01141
1749266953,0.01015000,60647.80000000,0.01141
1749266953,0.01011000,2247.30000000,0.01141
1749266953,0.01010000,185938.40000000,0.01141
1749266953,0.01009000,20925.70000000,0.01141
1749266953,0.01008000,992.00000000,0.01141
1749266953,0.01007000,2361.60000000,0.01141
1749266953,0.01006000,4493.00000000,0.01141
1749267255,0.01140000,142660.50000000,0.01141
1749267255,0.01139000,1189482.90000000,0.01141
1749267255,0.01138000,866783.60000000,0.01141
1749267255,0.01137000,682080.50000000,0.01141
1749267255,0.01136000,256287.40000000,0.01141
1749267255,0.01135000,456064.30000000,0.01141
1749267255,0.01134000,787125.10000000,0.01141
1749267255,0.01133000,212536.70000000,0.01141
1749267255,0.01132000,189599.10000000,0.01141
1749267255,0.01131000,106989.50000000,0.01141
1749267255,0.01130000,219793.70000000,0.01141
1749267255,0.01129000,162421.20000000,0.01141
1749267255,0.01128000,999404.90000000,0.01141
1749267255,0.01127000,77349.90000000,0.01141
1749267255,0.01126000,92542.30000000,0.01141
1749267255,0.01125000,67100.10000000,0.01141
1749267255,0.01124000,69445.50000000,0.01141
1749267255,0.01123000,70158.90000000,0.01141
1749267255,0.01122000,75717.70000000,0.01141
1749267255,0.01121000,370284.10000000,0.01141
1749267255,0.01120000,52313.00000000,0.01141
1749267255,0.01119000,24146.30000000,0.01141
1749267255,0.01118000,22950.00000000,0.01141
1749267255,0.01117000,69229.50000000,0.01141
1749267255,0.01116000,22950.00000000,0.01141
1749267255,0.01115000,23515.90000000,0.01141
1749267255,0.01114000,489.50000000,0.01141
1749267255,0.01113000,4493.00000000,0.01141
1749267255,0.01112000,140675.00000000,0.01141
1749267255,0.01111000,24750.10000000,0.01141
1749267255,0.01110000,5373.80000000,0.01141
1749267255,0.01105000,2264.60000000,0.01141
1749267255,0.01104000,4493.00000000,0.01141
1749267255,0.01103000,1779.50000000,0.01141
1749267255,0.01102000,998.90000000,0.01141
1749267255,0.01101000,993.40000000,0.01141
1749267255,0.01100000,312350.70000000,0.01141
1749267255,0.01097000,502.40000000,0.01141
1749267255,0.01096000,2345.40000000,0.01141
1749267255,0.01095000,4493.00000000,0.01141
1749267255,0.01093000,3833.90000000,0.01141
1749267255,0.01092000,2313.00000000,0.01141
1749267255,0.01091000,45896.30000000,0.01141
1749267255,0.01090000,2770.40000000,0.01141
1749267255,0.01089000,1779.50000000,0.01141
1749267255,0.01086000,6148.90000000,0.01141
1749267255,0.01085000,2367.60000000,0.01141
1749267255,0.01083000,553.50000000,0.01141
1749267255,0.01082000,7237.80000000,0.01141
1749267255,0.01081000,46731.90000000,0.01141
1749267255,0.01080000,47301.20000000,0.01141
1749267255,0.01077000,7332.30000000,0.01141
1749267255,0.01076000,928.90000000,0.01141
1749267255,0.01075000,502.40000000,0.01141
1749267255,0.01071000,93448.10000000,0.01141
1749267255,0.01070000,984470.40000000,0.01141
1749267255,0.01069000,490.50000000,0.01141
1749267255,0.01068000,14465.70000000,0.01141
1749267255,0.01067000,502.40000000,0.01141
1749267255,0.01065000,3000.80000000,0.01141
1749267255,0.01063000,5897.80000000,0.01141
1749267255,0.01062000,48904.60000000,0.01141
1749267255,0.01061000,35200.00000000,0.01141
1749267255,0.01060000,6410.40000000,0.01141
1749267255,0.01058000,565.90000000,0.01141
1749267255,0.01055000,46500.00000000,0.01141
1749267255,0.01053000,808.20000000,0.01141
1749267255,0.01052000,8629.00000000,0.01141
1749267255,0.01051000,12941.70000000,0.01141
1749267255,0.01050000,89022.00000000,0.01141
1749267255,0.01049000,1519.20000000,0.01141
1749267255,0.01048000,46800.00000000,0.01141
1749267255,0.01046000,2870.40000000,0.01141
1749267255,0.01045000,1002.40000000,0.01141
1749267255,0.01043000,1795.00000000,0.01141
1749267255,0.01042000,51808.80000000,0.01141
1749267255,0.01041000,47526.20000000,0.01141
1749267255,0.01040000,7500.00000000,0.01141
1749267255,0.01039000,5378.20000000,0.01141
1749267255,0.01038000,1816.60000000,0.01141
1749267255,0.01037000,502.40000000,0.01141
1749267255,0.01034000,1810.70000000,0.01141
1749267255,0.01033000,5170.60000000,0.01141
1749267255,0.01030000,2354.30000000,0.01141
1749267255,0.01027000,584.20000000,0.01141
1749267255,0.01026000,2125.60000000,0.01141
1749267255,0.01025000,10117.10000000,0.01141
1749267255,0.01024000,4493.00000000,0.01141
1749267255,0.01022000,1980.80000000,0.01141
1749267255,0.01021000,565.90000000,0.01141
1749267255,0.01019000,52346.20000000,0.01141
1749267255,0.01017000,2949.80000000,0.01141
1749267255,0.01016000,1842.70000000,0.01141
1749267255,0.01015000,60647.80000000,0.01141
1749267255,0.01011000,2247.30000000,0.01141
1749267255,0.01010000,185938.40000000,0.01141
1749267255,0.01009000,20925.70000000,0.01141
1749267255,0.01008000,992.00000000,0.01141
1749267255,0.01007000,2361.60000000,0.01141
1749267255,0.01006000,4493.00000000,0.01141
1749267556,0.01142000,114118.30000000,0.01142
1749267556,0.01141000,422543.40000000,0.01142
1749267556,0.01140000,1045696.90000000,0.01142
