timestamp,price,volume,current_price
1749258463,0.05370000,44696.20000000,0.0538
1749258463,0.05360000,602798.10000000,0.0538
1749258463,0.05350000,1095020.50000000,0.0538
1749258463,0.05340000,194345.10000000,0.0538
1749258463,0.05330000,178782.10000000,0.0538
1749258463,0.05320000,139788.80000000,0.0538
1749258463,0.05310000,105223.30000000,0.0538
1749258463,0.05300000,189816.40000000,0.0538
1749258463,0.05290000,202159.40000000,0.0538
1749258463,0.05280000,123879.80000000,0.0538
1749258463,0.05270000,138366.30000000,0.0538
1749258463,0.05260000,78936.70000000,0.0538
1749258463,0.05250000,78746.10000000,0.0538
1749258463,0.05240000,78435.30000000,0.0538
1749258463,0.05230000,47473.30000000,0.0538
1749258463,0.05220000,23138.50000000,0.0538
1749258463,0.05210000,22300.50000000,0.0538
1749258463,0.05200000,42564.00000000,0.0538
1749258463,0.05190000,48419.20000000,0.0538
1749258463,0.05180000,22480.60000000,0.0538
1749258463,0.05170000,23138.50000000,0.0538
1749258463,0.05160000,27151.80000000,0.0538
1749258463,0.05150000,56023.60000000,0.0538
1749258463,0.05140000,23648.20000000,0.0538
1749258463,0.05130000,32170.90000000,0.0538
1749258463,0.05120000,1263.00000000,0.0538
1749258463,0.05110000,13922.60000000,0.0538
1749258463,0.05100000,46842.70000000,0.0538
1749258463,0.05090000,12988.80000000,0.0538
1749258463,0.05080000,23586.20000000,0.0538
1749258463,0.05070000,18188.10000000,0.0538
1749258463,0.05060000,5785.30000000,0.0538
1749258463,0.05050000,61993.60000000,0.0538
1749258463,0.05040000,40391.80000000,0.0538
1749258463,0.05030000,2846.60000000,0.0538
1749258463,0.05020000,13585.80000000,0.0538
1749258463,0.05010000,116670.80000000,0.0538
1749258463,0.05000000,400507.60000000,0.0538
1749258463,0.04990000,25913.30000000,0.0538
1749258463,0.04980000,12898.10000000,0.0538
1749258463,0.04970000,500.70000000,0.0538
1749258463,0.04960000,188.80000000,0.0538
1749258463,0.04950000,4865.20000000,0.0538
1749258463,0.04940000,666.80000000,0.0538
1749258463,0.04930000,2313.00000000,0.0538
1749258463,0.04920000,801.90000000,0.0538
1749258463,0.04910000,188.80000000,0.0538
1749258463,0.04900000,60413.20000000,0.0538
1749258463,0.04890000,311.40000000,0.0538
1749258463,0.04880000,393.70000000,0.0538
1749258463,0.04870000,1010.10000000,0.0538
1749258463,0.04860000,11510.60000000,0.0538
1749258463,0.04850000,5399.30000000,0.0538
1749258463,0.04840000,4861.20000000,0.0538
1749258463,0.04830000,180.10000000,0.0538
1749258463,0.04820000,2870.60000000,0.0538
1749258463,0.04810000,582.00000000,0.0538
1749258463,0.04800000,112782.30000000,0.0538
1749258463,0.04770000,3770.80000000,0.0538
1749258463,0.04760000,180.10000000,0.0538
1749258463,0.04750000,43605.90000000,0.0538
1749258463,0.04720000,1329.60000000,0.0538
1749258463,0.04710000,5869.30000000,0.0538
1749258463,0.04700000,192421.80000000,0.0538
1749258463,0.04690000,96319.10000000,0.0538
1749258463,0.04680000,31121.70000000,0.0538
1749258463,0.04660000,4913.20000000,0.0538
1749258463,0.04650000,838.00000000,0.0538
1749258463,0.04640000,358.00000000,0.0538
1749258463,0.04630000,15612.70000000,0.0538
1749258463,0.04620000,180.10000000,0.0538
1749258463,0.04610000,23982.50000000,0.0538
1749258463,0.04600000,248070.10000000,0.0538
1749258463,0.04590000,587.40000000,0.0538
1749258463,0.04560000,8889.50000000,0.0538
1749258463,0.04550000,3478.40000000,0.0538
1749258463,0.04540000,5220.20000000,0.0538
1749258463,0.04530000,3195.30000000,0.0538
1749258463,0.04510000,1420.40000000,0.0538
1749258463,0.04500000,101304.90000000,0.0538
1749258463,0.04480000,13993.60000000,0.0538
1749258463,0.04470000,203.70000000,0.0538
1749258463,0.04460000,2855.90000000,0.0538
1749258463,0.04450000,70372.70000000,0.0538
1749258463,0.04440000,1560.20000000,0.0538
1749258463,0.04430000,2735.30000000,0.0538
1749258463,0.04420000,211.10000000,0.0538
1749258463,0.04410000,2835.20000000,0.0538
1749258463,0.04400000,55312.00000000,0.0538
1749258463,0.04380000,10227.30000000,0.0538
1749258463,0.04360000,1058.50000000,0.0538
1749258463,0.04350000,3183.90000000,0.0538
1749258463,0.04340000,403.80000000,0.0538
1749258463,0.04320000,1065.00000000,0.0538
1749258463,0.04310000,1000.00000000,0.0538
1749258463,0.04300000,26788.10000000,0.0538
1749258463,0.04290000,2366.40000000,0.0538
1749258463,0.04280000,233.80000000,0.0538
1749258463,0.04270000,1205.40000000,0.0538
1749258463,0.04260000,237.30000000,0.0538
1749258830,0.05380000,98860.90000000,0.0538
1749258830,0.05370000,647804.60000000,0.0538
1749258830,0.05360000,650265.20000000,0.0538
1749258830,0.05350000,448823.20000000,0.0538
1749258830,0.05340000,89306.00000000,0.0538
1749258830,0.05330000,150968.60000000,0.0538
1749258830,0.05320000,224324.60000000,0.0538
1749258830,0.05310000,105223.30000000,0.0538
1749258830,0.05300000,184318.10000000,0.0538
1749258830,0.05290000,170045.50000000,0.0538
1749258830,0.05280000,100715.10000000,0.0538
1749258830,0.05270000,101369.00000000,0.0538
1749258830,0.05260000,104283.70000000,0.0538
1749258830,0.05250000,78746.10000000,0.0538
1749258830,0.05240000,78435.30000000,0.0538
1749258830,0.05230000,22300.50000000,0.0538
1749258830,0.05220000,49390.10000000,0.0538
1749258830,0.05210000,22300.50000000,0.0538
1749258830,0.05200000,42564.00000000,0.0538
1749258830,0.05190000,22416.10000000,0.0538
1749258830,0.05180000,35001.60000000,0.0538
1749258830,0.05170000,26549.00000000,0.0538
1749258830,0.05160000,23734.80000000,0.0538
1749258830,0.05150000,43874.40000000,0.0538
1749258830,0.05140000,22705.60000000,0.0538
1749258830,0.05130000,32170.90000000,0.0538
1749258830,0.05120000,1263.00000000,0.0538
1749258830,0.05110000,13922.60000000,0.0538
1749258830,0.05100000,46842.70000000,0.0538
1749258830,0.05090000,12988.80000000,0.0538
1749258830,0.05080000,23586.20000000,0.0538
1749258830,0.05070000,18188.10000000,0.0538
1749258830,0.05060000,5785.30000000,0.0538
1749258830,0.05050000,61993.60000000,0.0538
1749258830,0.05040000,40391.80000000,0.0538
1749258830,0.05030000,2846.60000000,0.0538
1749258830,0.05020000,13585.80000000,0.0538
1749258830,0.05010000,116126.70000000,0.0538
1749258830,0.05000000,400507.60000000,0.0538
1749258830,0.04990000,25913.30000000,0.0538
1749258830,0.04980000,12898.10000000,0.0538
1749258830,0.04970000,500.70000000,0.0538
1749258830,0.04960000,188.80000000,0.0538
1749258830,0.04950000,4865.20000000,0.0538
1749258830,0.04940000,666.80000000,0.0538
1749258830,0.04930000,2313.00000000,0.0538
1749258830,0.04920000,801.90000000,0.0538
1749258830,0.04910000,188.80000000,0.0538
1749258830,0.04900000,60413.20000000,0.0538
1749258830,0.04890000,311.40000000,0.0538
1749258830,0.04880000,393.70000000,0.0538
1749258830,0.04870000,1010.10000000,0.0538
1749258830,0.04860000,11510.60000000,0.0538
1749258830,0.04850000,5174.50000000,0.0538
1749258830,0.04840000,3099.10000000,0.0538
1749258830,0.04830000,1984.90000000,0.0538
1749258830,0.04820000,2870.60000000,0.0538
1749258830,0.04810000,582.00000000,0.0538
1749258830,0.04800000,112782.30000000,0.0538
1749258830,0.04770000,3770.80000000,0.0538
1749258830,0.04760000,180.10000000,0.0538
1749258830,0.04750000,43605.90000000,0.0538
1749258830,0.04720000,1329.60000000,0.0538
1749258830,0.04710000,5869.30000000,0.0538
1749258830,0.04700000,192421.80000000,0.0538
1749258830,0.04690000,96319.10000000,0.0538
1749258830,0.04680000,31121.70000000,0.0538
1749258830,0.04660000,4913.20000000,0.0538
1749258830,0.04650000,838.00000000,0.0538
1749258830,0.04640000,358.00000000,0.0538
1749258830,0.04630000,15612.70000000,0.0538
1749258830,0.04620000,180.10000000,0.0538
1749258830,0.04610000,23982.50000000,0.0538
1749258830,0.04600000,248070.10000000,0.0538
1749258830,0.04590000,587.40000000,0.0538
1749258830,0.04560000,8889.50000000,0.0538
1749258830,0.04550000,3478.40000000,0.0538
1749258830,0.04540000,5220.20000000,0.0538
1749258830,0.04530000,3195.30000000,0.0538
1749258830,0.04510000,1420.40000000,0.0538
1749258830,0.04500000,101304.90000000,0.0538
1749258830,0.04480000,13993.60000000,0.0538
1749258830,0.04470000,203.70000000,0.0538
1749258830,0.04460000,2855.90000000,0.0538
1749258830,0.04450000,70372.70000000,0.0538
1749258830,0.04440000,1560.20000000,0.0538
1749258830,0.04430000,2735.30000000,0.0538
1749258830,0.04420000,211.10000000,0.0538
1749258830,0.04410000,2835.20000000,0.0538
1749258830,0.04400000,55312.00000000,0.0538
1749258830,0.04380000,10227.30000000,0.0538
1749258830,0.04360000,1058.50000000,0.0538
1749258830,0.04350000,3183.90000000,0.0538
1749258830,0.04340000,403.80000000,0.0538
1749258830,0.04320000,1065.00000000,0.0538
1749258830,0.04310000,1000.00000000,0.0538
1749258830,0.04300000,26788.10000000,0.0538
1749258830,0.04290000,2366.40000000,0.0538
1749258830,0.04280000,233.80000000,0.0538
1749258830,0.04270000,1205.40000000,0.0538
1749259136,0.05350000,291572.10000000,0.0535
1749259136,0.05340000,718428.60000000,0.0535
1749259136,0.05330000,511941.20000000,0.0535
1749259136,0.05320000,262820.30000000,0.0535
1749259136,0.05310000,67805.30000000,0.0535
1749259136,0.05300000,229795.50000000,0.0535
1749259136,0.05290000,250586.10000000,0.0535
1749259136,0.05280000,216353.30000000,0.0535
1749259136,0.05270000,141746.20000000,0.0535
1749259136,0.05260000,47788.40000000,0.0535
1749259136,0.05250000,160396.20000000,0.0535
1749259136,0.05240000,107711.20000000,0.0535
1749259136,0.05230000,79008.40000000,0.0535
1749259136,0.05220000,105524.70000000,0.0535
1749259136,0.05210000,78435.10000000,0.0535
1749259136,0.05200000,42564.00000000,0.0535
1749259136,0.05190000,22416.10000000,0.0535
1749259136,0.05180000,35001.60000000,0.0535
1749259136,0.05170000,23138.50000000,0.0535
1749259136,0.05160000,23734.80000000,0.0535
1749259136,0.05150000,43073.80000000,0.0535
1749259136,0.05140000,26276.40000000,0.0535
1749259136,0.05130000,32170.90000000,0.0535
1749259136,0.05120000,2209.20000000,0.0535
1749259136,0.05110000,13922.60000000,0.0535
1749259136,0.05100000,46842.70000000,0.0535
1749259136,0.05090000,12988.80000000,0.0535
1749259136,0.05080000,23586.20000000,0.0535
1749259136,0.05070000,13464.00000000,0.0535
1749259136,0.05060000,18389.30000000,0.0535
1749259136,0.05050000,61993.60000000,0.0535
1749259136,0.05040000,40391.80000000,0.0535
1749259136,0.05030000,2846.60000000,0.0535
1749259136,0.05020000,13585.80000000,0.0535
1749259136,0.05010000,121057.70000000,0.0535
1749259136,0.05000000,400507.60000000,0.0535
1749259136,0.04990000,25913.30000000,0.0535
1749259136,0.04980000,12898.10000000,0.0535
1749259136,0.04970000,500.70000000,0.0535
1749259136,0.04960000,188.80000000,0.0535
1749259136,0.04950000,17465.20000000,0.0535
1749259136,0.04940000,666.80000000,0.0535
1749259136,0.04930000,14913.00000000,0.0535
1749259136,0.04920000,801.90000000,0.0535
1749259136,0.04910000,188.80000000,0.0535
1749259136,0.04900000,60413.20000000,0.0535
1749259136,0.04890000,311.40000000,0.0535
1749259136,0.04880000,393.70000000,0.0535
1749259136,0.04870000,1010.10000000,0.0535
1749259136,0.04860000,11510.60000000,0.0535
1749259136,0.04850000,5174.50000000,0.0535
1749259136,0.04840000,3284.80000000,0.0535
1749259136,0.04830000,2170.90000000,0.0535
1749259136,0.04820000,3056.90000000,0.0535
1749259136,0.04810000,582.00000000,0.0535
1749259136,0.04800000,112782.30000000,0.0535
1749259136,0.04770000,3770.80000000,0.0535
1749259136,0.04760000,180.10000000,0.0535
1749259136,0.04750000,43605.90000000,0.0535
1749259136,0.04720000,1329.60000000,0.0535
1749259136,0.04710000,5869.30000000,0.0535
1749259136,0.04700000,192421.80000000,0.0535
1749259136,0.04690000,96319.10000000,0.0535
1749259136,0.04680000,31121.70000000,0.0535
1749259136,0.04660000,4913.20000000,0.0535
1749259136,0.04650000,838.00000000,0.0535
1749259136,0.04640000,358.00000000,0.0535
1749259136,0.04630000,15612.70000000,0.0535
1749259136,0.04620000,180.10000000,0.0535
1749259136,0.04610000,23982.50000000,0.0535
1749259136,0.04600000,248070.10000000,0.0535
1749259136,0.04590000,587.40000000,0.0535
1749259136,0.04560000,8889.50000000,0.0535
1749259136,0.04550000,3478.40000000,0.0535
1749259136,0.04540000,5220.20000000,0.0535
1749259136,0.04530000,3195.30000000,0.0535
1749259136,0.04510000,1420.40000000,0.0535
1749259136,0.04500000,101304.90000000,0.0535
1749259136,0.04480000,13993.60000000,0.0535
1749259136,0.04470000,203.70000000,0.0535
1749259136,0.04460000,2855.90000000,0.0535
1749259136,0.04450000,70372.70000000,0.0535
1749259136,0.04440000,1560.20000000,0.0535
1749259136,0.04430000,2735.30000000,0.0535
1749259136,0.04420000,211.10000000,0.0535
1749259136,0.04410000,2835.20000000,0.0535
1749259136,0.04400000,55312.00000000,0.0535
1749259136,0.04380000,10227.30000000,0.0535
1749259136,0.04360000,1058.50000000,0.0535
1749259136,0.04350000,3183.90000000,0.0535
1749259136,0.04340000,403.80000000,0.0535
1749259136,0.04320000,1065.00000000,0.0535
1749259136,0.04310000,1000.00000000,0.0535
1749259136,0.04300000,26788.10000000,0.0535
1749259136,0.04290000,2366.40000000,0.0535
1749259136,0.04280000,233.80000000,0.0535
1749259136,0.04270000,1205.40000000,0.0535
1749259136,0.04260000,237.30000000,0.0535
1749259136,0.04250000,16244.60000000,0.0535
1749259136,0.04240000,240.90000000,0.0535
