timestamp,price,volume,current_price
1749260851,0.05360000,64890.10000000,0.0536
1749260851,0.05350000,467903.30000000,0.0536
1749260851,0.05340000,635478.50000000,0.0536
1749260851,0.05330000,220061.80000000,0.0536
1749260851,0.05320000,256610.40000000,0.0536
1749260851,0.05310000,299736.50000000,0.0536
1749260851,0.05300000,120378.00000000,0.0536
1749260851,0.05290000,281951.80000000,0.0536
1749260851,0.05280000,176145.80000000,0.0536
1749260851,0.05270000,91786.90000000,0.0536
1749260851,0.05260000,384461.20000000,0.0536
1749260851,0.05250000,268560.20000000,0.0536
1749260851,0.05240000,298134.00000000,0.0536
1749260851,0.05230000,104701.00000000,0.0536
1749260851,0.05220000,79414.00000000,0.0536
1749260851,0.05210000,22300.50000000,0.0536
1749260851,0.05200000,42564.00000000,0.0536
1749260851,0.05190000,48473.00000000,0.0536
1749260851,0.05180000,22596.40000000,0.0536
1749260851,0.05170000,23138.50000000,0.0536
1749260851,0.05160000,23734.80000000,0.0536
1749260851,0.05150000,55584.60000000,0.0536
1749260851,0.05140000,26276.30000000,0.0536
1749260851,0.05130000,32311.50000000,0.0536
1749260851,0.05120000,2350.10000000,0.0536
1749260851,0.05110000,13922.60000000,0.0536
1749260851,0.05100000,46842.70000000,0.0536
1749260851,0.05090000,12988.80000000,0.0536
1749260851,0.05080000,23586.20000000,0.0536
1749260851,0.05070000,23077.90000000,0.0536
1749260851,0.05060000,18462.60000000,0.0536
1749260851,0.05050000,62023.20000000,0.0536
1749260851,0.05040000,35700.90000000,0.0536
1749260851,0.05030000,2846.60000000,0.0536
1749260851,0.05020000,13765.10000000,0.0536
1749260851,0.05010000,116126.70000000,0.0536
1749260851,0.05000000,399507.60000000,0.0536
1749260851,0.04990000,25913.30000000,0.0536
1749260851,0.04980000,12898.10000000,0.0536
1749260851,0.04970000,500.70000000,0.0536
1749260851,0.04960000,390.50000000,0.0536
1749260851,0.04950000,17263.10000000,0.0536
1749260851,0.04940000,666.80000000,0.0536
1749260851,0.04930000,14913.00000000,0.0536
1749260851,0.04920000,801.90000000,0.0536
1749260851,0.04910000,188.80000000,0.0536
1749260851,0.04900000,60413.20000000,0.0536
1749260851,0.04890000,311.40000000,0.0536
1749260851,0.04880000,393.70000000,0.0536
1749260851,0.04870000,1010.10000000,0.0536
1749260851,0.04860000,11757.50000000,0.0536
1749260851,0.04850000,5174.50000000,0.0536
1749260851,0.04840000,3284.80000000,0.0536
1749260851,0.04830000,366.10000000,0.0536
1749260851,0.04820000,2870.60000000,0.0536
1749260851,0.04810000,2395.60000000,0.0536
1749260851,0.04800000,112782.30000000,0.0536
1749260851,0.04770000,3770.80000000,0.0536
1749260851,0.04760000,180.10000000,0.0536
1749260851,0.04750000,43605.90000000,0.0536
1749260851,0.04720000,1329.60000000,0.0536
1749260851,0.04710000,5869.30000000,0.0536
1749260851,0.04700000,192421.80000000,0.0536
1749260851,0.04690000,96319.10000000,0.0536
1749260851,0.04680000,31121.70000000,0.0536
1749260851,0.04660000,4913.20000000,0.0536
1749260851,0.04650000,838.00000000,0.0536
1749260851,0.04640000,358.00000000,0.0536
1749260851,0.04630000,15612.70000000,0.0536
1749260851,0.04620000,180.10000000,0.0536
1749260851,0.04610000,23982.50000000,0.0536
1749260851,0.04600000,248070.10000000,0.0536
1749260851,0.04590000,587.40000000,0.0536
1749260851,0.04560000,8889.50000000,0.0536
1749260851,0.04550000,3478.40000000,0.0536
1749260851,0.04540000,5220.20000000,0.0536
1749260851,0.04530000,3195.30000000,0.0536
1749260851,0.04510000,1420.40000000,0.0536
1749260851,0.04500000,101304.90000000,0.0536
1749260851,0.04480000,13993.60000000,0.0536
1749260851,0.04470000,203.70000000,0.0536
1749260851,0.04460000,2855.90000000,0.0536
1749260851,0.04450000,70372.70000000,0.0536
1749260851,0.04440000,1560.20000000,0.0536
1749260851,0.04430000,2735.30000000,0.0536
1749260851,0.04420000,211.10000000,0.0536
1749260851,0.04410000,1018.10000000,0.0536
1749260851,0.04400000,55312.00000000,0.0536
1749260851,0.04380000,10227.30000000,0.0536
1749260851,0.04360000,2924.80000000,0.0536
1749260851,0.04350000,3183.90000000,0.0536
1749260851,0.04340000,403.80000000,0.0536
1749260851,0.04320000,1065.00000000,0.0536
1749260851,0.04310000,1000.00000000,0.0536
1749260851,0.04300000,26788.10000000,0.0536
1749260851,0.04290000,2366.40000000,0.0536
1749260851,0.04280000,233.80000000,0.0536
1749260851,0.04270000,1205.40000000,0.0536
1749260851,0.04260000,237.30000000,0.0536
1749260851,0.04250000,16244.60000000,0.0536
1749261177,0.05350000,92550.30000000,0.0535
1749261177,0.05340000,800730.50000000,0.0535
1749261177,0.05330000,550299.50000000,0.0535
1749261177,0.05320000,228788.60000000,0.0535
1749261177,0.05310000,106067.60000000,0.0535
1749261177,0.05300000,201965.90000000,0.0535
1749261177,0.05290000,182249.80000000,0.0535
1749261177,0.05280000,168030.60000000,0.0535
1749261177,0.05270000,96309.10000000,0.0535
1749261177,0.05260000,379252.00000000,0.0535
1749261177,0.05250000,268560.20000000,0.0535
1749261177,0.05240000,298134.00000000,0.0535
1749261177,0.05230000,104701.00000000,0.0535
1749261177,0.05220000,79414.00000000,0.0535
1749261177,0.05210000,22300.50000000,0.0535
1749261177,0.05200000,42564.00000000,0.0535
1749261177,0.05190000,48473.00000000,0.0535
1749261177,0.05180000,22596.40000000,0.0535
1749261177,0.05170000,23138.50000000,0.0535
1749261177,0.05160000,23734.80000000,0.0535
1749261177,0.05150000,55584.60000000,0.0535
1749261177,0.05140000,26276.40000000,0.0535
1749261177,0.05130000,32311.50000000,0.0535
1749261177,0.05120000,2350.10000000,0.0535
1749261177,0.05110000,13922.60000000,0.0535
1749261177,0.05100000,46842.70000000,0.0535
1749261177,0.05090000,12988.80000000,0.0535
1749261177,0.05080000,23586.20000000,0.0535
1749261177,0.05070000,18287.40000000,0.0535
1749261177,0.05060000,18462.60000000,0.0535
1749261177,0.05050000,62023.20000000,0.0535
1749261177,0.05040000,35700.90000000,0.0535
1749261177,0.05030000,2846.60000000,0.0535
1749261177,0.05020000,13765.10000000,0.0535
1749261177,0.05010000,120829.70000000,0.0535
1749261177,0.05000000,399507.60000000,0.0535
1749261177,0.04990000,25913.30000000,0.0535
1749261177,0.04980000,12898.10000000,0.0535
1749261177,0.04970000,500.70000000,0.0535
1749261177,0.04960000,390.50000000,0.0535
1749261177,0.04950000,17263.10000000,0.0535
1749261177,0.04940000,666.80000000,0.0535
1749261177,0.04930000,2313.00000000,0.0535
1749261177,0.04920000,801.90000000,0.0535
1749261177,0.04910000,188.80000000,0.0535
1749261177,0.04900000,60413.20000000,0.0535
1749261177,0.04890000,311.40000000,0.0535
1749261177,0.04880000,393.70000000,0.0535
1749261177,0.04870000,1010.10000000,0.0535
1749261177,0.04860000,11757.50000000,0.0535
1749261177,0.04850000,5174.50000000,0.0535
1749261177,0.04840000,3284.80000000,0.0535
1749261177,0.04830000,366.10000000,0.0535
1749261177,0.04820000,3056.90000000,0.0535
1749261177,0.04810000,2395.60000000,0.0535
1749261177,0.04800000,112782.30000000,0.0535
1749261177,0.04770000,3770.80000000,0.0535
1749261177,0.04760000,180.10000000,0.0535
1749261177,0.04750000,43605.90000000,0.0535
1749261177,0.04720000,1329.60000000,0.0535
1749261177,0.04710000,5869.30000000,0.0535
1749261177,0.04700000,192421.80000000,0.0535
1749261177,0.04690000,96319.10000000,0.0535
1749261177,0.04680000,31121.70000000,0.0535
1749261177,0.04660000,4913.20000000,0.0535
1749261177,0.04650000,838.00000000,0.0535
1749261177,0.04640000,358.00000000,0.0535
1749261177,0.04630000,15612.70000000,0.0535
1749261177,0.04620000,180.10000000,0.0535
1749261177,0.04610000,23982.50000000,0.0535
1749261177,0.04600000,248070.10000000,0.0535
1749261177,0.04590000,587.40000000,0.0535
1749261177,0.04560000,8889.50000000,0.0535
1749261177,0.04550000,3478.40000000,0.0535
1749261177,0.04540000,5220.20000000,0.0535
1749261177,0.04530000,3195.30000000,0.0535
1749261177,0.04510000,1420.40000000,0.0535
1749261177,0.04500000,101304.90000000,0.0535
1749261177,0.04480000,13993.60000000,0.0535
1749261177,0.04470000,203.70000000,0.0535
1749261177,0.04460000,2855.90000000,0.0535
1749261177,0.04450000,70372.70000000,0.0535
1749261177,0.04440000,1560.20000000,0.0535
1749261177,0.04430000,2735.30000000,0.0535
1749261177,0.04420000,211.10000000,0.0535
1749261177,0.04410000,1018.10000000,0.0535
1749261177,0.04400000,55312.00000000,0.0535
1749261177,0.04380000,10227.30000000,0.0535
1749261177,0.04360000,2924.80000000,0.0535
1749261177,0.04350000,3183.90000000,0.0535
1749261177,0.04340000,403.80000000,0.0535
1749261177,0.04320000,1065.00000000,0.0535
1749261177,0.04310000,1000.00000000,0.0535
1749261177,0.04300000,26788.10000000,0.0535
1749261177,0.04290000,2366.40000000,0.0535
1749261177,0.04280000,233.80000000,0.0535
1749261177,0.04270000,1205.40000000,0.0535
1749261177,0.04260000,237.30000000,0.0535
1749261177,0.04250000,16244.60000000,0.0535
1749261177,0.04240000,240.90000000,0.0535
1749261492,0.05350000,172827.50000000,0.0536
1749261492,0.05340000,877362.80000000,0.0536
1749261492,0.05330000,562523.60000000,0.0536
1749261492,0.05320000,190382.10000000,0.0536
1749261492,0.05310000,106067.60000000,0.0536
1749261492,0.05300000,221670.40000000,0.0536
1749261492,0.05290000,182249.80000000,0.0536
1749261492,0.05280000,164287.70000000,0.0536
1749261492,0.05270000,91786.90000000,0.0536
1749261492,0.05260000,382186.10000000,0.0536
1749261492,0.05250000,268560.20000000,0.0536
1749261492,0.05240000,298134.00000000,0.0536
1749261492,0.05230000,104701.00000000,0.0536
1749261492,0.05220000,79414.00000000,0.0536
1749261492,0.05210000,22300.50000000,0.0536
1749261492,0.05200000,42564.00000000,0.0536
1749261492,0.05190000,48473.00000000,0.0536
1749261492,0.05180000,22596.40000000,0.0536
1749261492,0.05170000,23138.50000000,0.0536
1749261492,0.05160000,23734.80000000,0.0536
1749261492,0.05150000,55584.60000000,0.0536
1749261492,0.05140000,26276.40000000,0.0536
1749261492,0.05130000,32311.50000000,0.0536
1749261492,0.05120000,2350.10000000,0.0536
1749261492,0.05110000,13922.60000000,0.0536
1749261492,0.05100000,46842.70000000,0.0536
1749261492,0.05090000,12988.80000000,0.0536
1749261492,0.05080000,23586.20000000,0.0536
1749261492,0.05070000,18287.40000000,0.0536
1749261492,0.05060000,18462.60000000,0.0536
1749261492,0.05050000,62023.20000000,0.0536
1749261492,0.05040000,35700.90000000,0.0536
1749261492,0.05030000,2846.60000000,0.0536
1749261492,0.05020000,13765.10000000,0.0536
1749261492,0.05010000,120829.70000000,0.0536
1749261492,0.05000000,399507.60000000,0.0536
1749261492,0.04990000,25913.30000000,0.0536
1749261492,0.04980000,12898.10000000,0.0536
1749261492,0.04970000,500.70000000,0.0536
1749261492,0.04960000,390.50000000,0.0536
1749261492,0.04950000,17263.10000000,0.0536
1749261492,0.04940000,666.80000000,0.0536
1749261492,0.04930000,2313.00000000,0.0536
1749261492,0.04920000,801.90000000,0.0536
1749261492,0.04910000,188.80000000,0.0536
1749261492,0.04900000,60413.20000000,0.0536
1749261492,0.04890000,311.40000000,0.0536
1749261492,0.04880000,393.70000000,0.0536
1749261492,0.04870000,1010.10000000,0.0536
1749261492,0.04860000,11757.50000000,0.0536
1749261492,0.04850000,5174.50000000,0.0536
1749261492,0.04840000,3284.80000000,0.0536
1749261492,0.04830000,366.10000000,0.0536
1749261492,0.04820000,3056.90000000,0.0536
1749261492,0.04810000,2393.20000000,0.0536
1749261492,0.04800000,112782.30000000,0.0536
1749261492,0.04770000,3770.80000000,0.0536
1749261492,0.04760000,180.10000000,0.0536
1749261492,0.04750000,43605.90000000,0.0536
1749261492,0.04720000,1329.60000000,0.0536
1749261492,0.04710000,5869.30000000,0.0536
1749261492,0.04700000,192421.80000000,0.0536
1749261492,0.04690000,96319.10000000,0.0536
1749261492,0.04680000,31121.70000000,0.0536
1749261492,0.04660000,4913.20000000,0.0536
1749261492,0.04650000,838.00000000,0.0536
1749261492,0.04640000,358.00000000,0.0536
1749261492,0.04630000,15612.70000000,0.0536
1749261492,0.04620000,180.10000000,0.0536
1749261492,0.04610000,23982.50000000,0.0536
1749261492,0.04600000,248070.10000000,0.0536
1749261492,0.04590000,587.40000000,0.0536
1749261492,0.04560000,8889.50000000,0.0536
1749261492,0.04550000,3478.40000000,0.0536
1749261492,0.04540000,5220.20000000,0.0536
1749261492,0.04530000,3195.30000000,0.0536
1749261492,0.04510000,1420.40000000,0.0536
1749261492,0.04500000,101304.90000000,0.0536
1749261492,0.04480000,13993.60000000,0.0536
1749261492,0.04470000,203.70000000,0.0536
1749261492,0.04460000,2855.90000000,0.0536
1749261492,0.04450000,70372.70000000,0.0536
1749261492,0.04440000,1560.20000000,0.0536
1749261492,0.04430000,2735.30000000,0.0536
1749261492,0.04420000,211.10000000,0.0536
1749261492,0.04410000,1018.10000000,0.0536
1749261492,0.04400000,55312.00000000,0.0536
1749261492,0.04380000,10227.30000000,0.0536
1749261492,0.04360000,2924.80000000,0.0536
1749261492,0.04350000,3183.90000000,0.0536
1749261492,0.04340000,403.80000000,0.0536
1749261492,0.04320000,1065.00000000,0.0536
1749261492,0.04310000,1000.00000000,0.0536
1749261492,0.04300000,26788.10000000,0.0536
1749261492,0.04290000,2366.40000000,0.0536
1749261492,0.04280000,233.80000000,0.0536
1749261492,0.04270000,1205.40000000,0.0536
1749261492,0.04260000,237.30000000,0.0536
1749261492,0.04250000,16244.60000000,0.0536
1749261492,0.04240000,240.90000000,0.0536
1749261803,0.05350000,24665.00000000,0.0535
1749261803,0.05340000,512675.80000000,0.0535
1749261803,0.05330000,604216.30000000,0.0535
1749261803,0.05320000,320562.90000000,0.0535
1749261803,0.05310000,63368.10000000,0.0535
1749261803,0.05300000,235319.90000000,0.0535
1749261803,0.05290000,191604.30000000,0.0535
1749261803,0.05280000,175019.60000000,0.0535
1749261803,0.05270000,160710.60000000,0.0535
1749261803,0.05260000,84375.70000000,0.0535
1749261803,0.05250000,268560.20000000,0.0535
1749261803,0.05240000,298134.00000000,0.0535
1749261803,0.05230000,104701.00000000,0.0535
1749261803,0.05220000,79414.00000000,0.0535
1749261803,0.05210000,78435.10000000,0.0535
1749261803,0.05200000,42564.00000000,0.0535
1749261803,0.05190000,48473.00000000,0.0535
1749261803,0.05180000,22596.40000000,0.0535
1749261803,0.05170000,23138.50000000,0.0535
1749261803,0.05160000,23734.80000000,0.0535
1749261803,0.05150000,55584.60000000,0.0535
1749261803,0.05140000,26276.40000000,0.0535
1749261803,0.05130000,32311.50000000,0.0535
1749261803,0.05120000,2350.10000000,0.0535
1749261803,0.05110000,13922.60000000,0.0535
1749261803,0.05100000,46842.70000000,0.0535
1749261803,0.05090000,12988.80000000,0.0535
1749261803,0.05080000,23586.20000000,0.0535
1749261803,0.05070000,13464.00000000,0.0535
1749261803,0.05060000,18345.00000000,0.0535
1749261803,0.05050000,62019.70000000,0.0535
1749261803,0.05040000,40396.20000000,0.0535
1749261803,0.05030000,2846.60000000,0.0535
1749261803,0.05020000,13765.10000000,0.0535
1749261803,0.05010000,120829.70000000,0.0535
1749261803,0.05000000,399507.60000000,0.0535
1749261803,0.04990000,25913.30000000,0.0535
1749261803,0.04980000,12898.10000000,0.0535
1749261803,0.04970000,500.70000000,0.0535
1749261803,0.04960000,390.50000000,0.0535
1749261803,0.04950000,17263.10000000,0.0535
1749261803,0.04940000,666.80000000,0.0535
1749261803,0.04930000,2313.00000000,0.0535
1749261803,0.04920000,801.90000000,0.0535
1749261803,0.04910000,188.80000000,0.0535
1749261803,0.04900000,60413.20000000,0.0535
1749261803,0.04890000,311.40000000,0.0535
1749261803,0.04880000,393.70000000,0.0535
1749261803,0.04870000,1010.10000000,0.0535
1749261803,0.04860000,11757.50000000,0.0535
1749261803,0.04850000,5174.50000000,0.0535
1749261803,0.04840000,3284.80000000,0.0535
1749261803,0.04830000,366.10000000,0.0535
1749261803,0.04820000,3056.90000000,0.0535
1749261803,0.04810000,2393.20000000,0.0535
1749261803,0.04800000,112782.30000000,0.0535
1749261803,0.04770000,3770.80000000,0.0535
1749261803,0.04760000,180.10000000,0.0535
1749261803,0.04750000,43605.90000000,0.0535
1749261803,0.04720000,1329.60000000,0.0535
1749261803,0.04710000,5869.30000000,0.0535
1749261803,0.04700000,192421.80000000,0.0535
1749261803,0.04690000,96319.10000000,0.0535
1749261803,0.04680000,31121.70000000,0.0535
1749261803,0.04660000,4913.20000000,0.0535
1749261803,0.04650000,838.00000000,0.0535
1749261803,0.04640000,358.00000000,0.0535
1749261803,0.04630000,15612.70000000,0.0535
1749261803,0.04620000,180.10000000,0.0535
1749261803,0.04610000,23982.50000000,0.0535
1749261803,0.04600000,248070.10000000,0.0535
1749261803,0.04590000,587.40000000,0.0535
1749261803,0.04560000,8889.50000000,0.0535
1749261803,0.04550000,3478.40000000,0.0535
1749261803,0.04540000,5220.20000000,0.0535
1749261803,0.04530000,3195.30000000,0.0535
1749261803,0.04510000,1420.40000000,0.0535
1749261803,0.04500000,101304.90000000,0.0535
1749261803,0.04480000,13993.60000000,0.0535
1749261803,0.04470000,203.70000000,0.0535
1749261803,0.04460000,2855.90000000,0.0535
1749261803,0.04450000,70372.70000000,0.0535
1749261803,0.04440000,1560.20000000,0.0535
1749261803,0.04430000,2735.30000000,0.0535
1749261803,0.04420000,211.10000000,0.0535
1749261803,0.04410000,1018.10000000,0.0535
1749261803,0.04400000,55312.00000000,0.0535
1749261803,0.04380000,10227.30000000,0.0535
1749261803,0.04360000,2924.80000000,0.0535
1749261803,0.04350000,3183.90000000,0.0535
1749261803,0.04340000,403.80000000,0.0535
1749261803,0.04320000,1065.00000000,0.0535
1749261803,0.04310000,1000.00000000,0.0535
1749261803,0.04300000,26788.10000000,0.0535
1749261803,0.04290000,2366.40000000,0.0535
1749261803,0.04280000,233.80000000,0.0535
1749261803,0.04270000,1205.40000000,0.0535
1749261803,0.04260000,237.30000000,0.0535
1749261803,0.04250000,16244.60000000,0.0535
1749261803,0.04240000,240.90000000,0.0535
1749262104,0.05350000,73518.10000000,0.0535
1749262104,0.05340000,737346.70000000,0.0535
1749262104,0.05330000,605885.20000000,0.0535
1749262104,0.05320000,207786.10000000,0.0535
1749262104,0.05310000,63816.70000000,0.0535
1749262104,0.05300000,235319.90000000,0.0535
1749262104,0.05290000,182249.80000000,0.0535
1749262104,0.05280000,164625.80000000,0.0535
1749262104,0.05270000,160952.10000000,0.0535
1749262104,0.05260000,82706.00000000,0.0535
1749262104,0.05250000,268560.20000000,0.0535
1749262104,0.05240000,298134.00000000,0.0535
1749262104,0.05230000,104701.00000000,0.0535
1749262104,0.05220000,79414.00000000,0.0535
1749262104,0.05210000,78435.10000000,0.0535
1749262104,0.05200000,42564.00000000,0.0535
1749262104,0.05190000,48473.00000000,0.0535
1749262104,0.05180000,22596.40000000,0.0535
1749262104,0.05170000,23138.50000000,0.0535
1749262104,0.05160000,23734.80000000,0.0535
1749262104,0.05150000,55584.60000000,0.0535
1749262104,0.05140000,26276.40000000,0.0535
1749262104,0.05130000,32311.50000000,0.0535
1749262104,0.05120000,2350.10000000,0.0535
1749262104,0.05110000,13922.60000000,0.0535
1749262104,0.05100000,46842.70000000,0.0535
1749262104,0.05090000,12988.80000000,0.0535
1749262104,0.05080000,23586.20000000,0.0535
1749262104,0.05070000,13464.00000000,0.0535
1749262104,0.05060000,18345.00000000,0.0535
1749262104,0.05050000,62019.70000000,0.0535
1749262104,0.05040000,40396.20000000,0.0535
1749262104,0.05030000,2846.60000000,0.0535
1749262104,0.05020000,13765.10000000,0.0535
1749262104,0.05010000,120829.70000000,0.0535
1749262104,0.05000000,399507.60000000,0.0535
1749262104,0.04990000,25913.30000000,0.0535
1749262104,0.04980000,12898.10000000,0.0535
1749262104,0.04970000,500.70000000,0.0535
1749262104,0.04960000,390.50000000,0.0535
1749262104,0.04950000,17263.10000000,0.0535
1749262104,0.04940000,666.80000000,0.0535
1749262104,0.04930000,2313.00000000,0.0535
1749262104,0.04920000,801.90000000,0.0535
1749262104,0.04910000,188.80000000,0.0535
1749262104,0.04900000,60413.20000000,0.0535
1749262104,0.04890000,311.40000000,0.0535
1749262104,0.04880000,393.70000000,0.0535
1749262104,0.04870000,1010.10000000,0.0535
1749262104,0.04860000,11757.50000000,0.0535
1749262104,0.04850000,5174.50000000,0.0535
1749262104,0.04840000,3284.80000000,0.0535
1749262104,0.04830000,366.10000000,0.0535
1749262104,0.04820000,3056.90000000,0.0535
1749262104,0.04810000,2393.20000000,0.0535
1749262104,0.04800000,112782.30000000,0.0535
1749262104,0.04770000,3770.80000000,0.0535
1749262104,0.04760000,180.10000000,0.0535
1749262104,0.04750000,43605.90000000,0.0535
1749262104,0.04720000,1329.60000000,0.0535
1749262104,0.04710000,5869.30000000,0.0535
1749262104,0.04700000,192421.80000000,0.0535
1749262104,0.04690000,96319.10000000,0.0535
1749262104,0.04680000,31121.70000000,0.0535
1749262104,0.04660000,4913.20000000,0.0535
1749262104,0.04650000,838.00000000,0.0535
1749262104,0.04640000,358.00000000,0.0535
1749262104,0.04630000,15612.70000000,0.0535
1749262104,0.04620000,180.10000000,0.0535
1749262104,0.04610000,23982.50000000,0.0535
1749262104,0.04600000,248070.10000000,0.0535
1749262104,0.04590000,587.40000000,0.0535
1749262104,0.04560000,8889.50000000,0.0535
1749262104,0.04550000,3478.40000000,0.0535
1749262104,0.04540000,5220.20000000,0.0535
1749262104,0.04530000,3195.30000000,0.0535
1749262104,0.04510000,1420.40000000,0.0535
1749262104,0.04500000,101304.90000000,0.0535
1749262104,0.04480000,13993.60000000,0.0535
1749262104,0.04470000,203.70000000,0.0535
1749262104,0.04460000,2855.90000000,0.0535
1749262104,0.04450000,70372.70000000,0.0535
1749262104,0.04440000,1560.20000000,0.0535
1749262104,0.04430000,2735.30000000,0.0535
1749262104,0.04420000,211.10000000,0.0535
1749262104,0.04410000,1018.10000000,0.0535
1749262104,0.04400000,55312.00000000,0.0535
1749262104,0.04380000,10227.30000000,0.0535
1749262104,0.04360000,2924.80000000,0.0535
1749262104,0.04350000,3183.90000000,0.0535
1749262104,0.04340000,403.80000000,0.0535
1749262104,0.04320000,1065.00000000,0.0535
1749262104,0.04310000,1000.00000000,0.0535
1749262104,0.04300000,26788.10000000,0.0535
1749262104,0.04290000,2366.40000000,0.0535
1749262104,0.04280000,233.80000000,0.0535
1749262104,0.04270000,1205.40000000,0.0535
1749262104,0.04260000,237.30000000,0.0535
1749262104,0.04250000,16244.60000000,0.0535
1749262104,0.04240000,240.90000000,0.0535
1749262406,0.05360000,115339.40000000,0.0536
1749262406,0.05350000,554349.10000000,0.0536
1749262406,0.05340000,553330.10000000,0.0536
1749262406,0.05330000,334182.60000000,0.0536
1749262406,0.05320000,219299.50000000,0.0536
1749262406,0.05310000,99389.20000000,0.0536
1749262406,0.05300000,206894.40000000,0.0536
1749262406,0.05290000,182249.80000000,0.0536
1749262406,0.05280000,135295.00000000,0.0536
1749262406,0.05270000,127536.60000000,0.0536
1749262406,0.05260000,385612.60000000,0.0536
1749262406,0.05250000,268324.60000000,0.0536
1749262406,0.05240000,298134.00000000,0.0536
1749262406,0.05230000,104701.00000000,0.0536
1749262406,0.05220000,79414.00000000,0.0536
1749262406,0.05210000,22300.50000000,0.0536
1749262406,0.05200000,42564.00000000,0.0536
1749262406,0.05190000,48473.00000000,0.0536
1749262406,0.05180000,22596.40000000,0.0536
1749262406,0.05170000,23138.50000000,0.0536
1749262406,0.05160000,23734.80000000,0.0536
1749262406,0.05150000,59008.20000000,0.0536
1749262406,0.05140000,22846.00000000,0.0536
1749262406,0.05130000,33255.90000000,0.0536
1749262406,0.05120000,1403.90000000,0.0536
1749262406,0.05110000,13922.60000000,0.0536
1749262406,0.05100000,46842.70000000,0.0536
1749262406,0.05090000,12988.80000000,0.0536
1749262406,0.05080000,23586.20000000,0.0536
1749262406,0.05070000,13464.00000000,0.0536
1749262406,0.05060000,18345.00000000,0.0536
1749262406,0.05050000,62019.70000000,0.0536
1749262406,0.05040000,40396.20000000,0.0536
1749262406,0.05030000,2846.60000000,0.0536
1749262406,0.05020000,13765.10000000,0.0536
1749262406,0.05010000,120829.70000000,0.0536
1749262406,0.05000000,399507.60000000,0.0536
1749262406,0.04990000,25913.30000000,0.0536
1749262406,0.04980000,12898.10000000,0.0536
1749262406,0.04970000,500.70000000,0.0536
1749262406,0.04960000,390.50000000,0.0536
1749262406,0.04950000,17263.10000000,0.0536
1749262406,0.04940000,666.80000000,0.0536
1749262406,0.04930000,2313.00000000,0.0536
1749262406,0.04920000,801.90000000,0.0536
1749262406,0.04910000,188.80000000,0.0536
1749262406,0.04900000,60413.20000000,0.0536
1749262406,0.04890000,311.40000000,0.0536
1749262406,0.04880000,393.70000000,0.0536
1749262406,0.04870000,1010.10000000,0.0536
1749262406,0.04860000,11757.50000000,0.0536
1749262406,0.04850000,5174.50000000,0.0536
1749262406,0.04840000,3284.80000000,0.0536
1749262406,0.04830000,366.10000000,0.0536
1749262406,0.04820000,4678.60000000,0.0536
1749262406,0.04810000,582.00000000,0.0536
1749262406,0.04800000,112782.30000000,0.0536
1749262406,0.04770000,3770.80000000,0.0536
1749262406,0.04760000,180.10000000,0.0536
1749262406,0.04750000,43605.90000000,0.0536
1749262406,0.04720000,1329.60000000,0.0536
1749262406,0.04710000,5869.30000000,0.0536
1749262406,0.04700000,192421.80000000,0.0536
1749262406,0.04690000,96319.10000000,0.0536
1749262406,0.04680000,31121.70000000,0.0536
1749262406,0.04660000,4913.20000000,0.0536
1749262406,0.04650000,838.00000000,0.0536
1749262406,0.04640000,358.00000000,0.0536
1749262406,0.04630000,15612.70000000,0.0536
1749262406,0.04620000,180.10000000,0.0536
1749262406,0.04610000,23982.50000000,0.0536
1749262406,0.04600000,248070.10000000,0.0536
1749262406,0.04590000,587.40000000,0.0536
1749262406,0.04560000,8889.50000000,0.0536
1749262406,0.04550000,3478.40000000,0.0536
1749262406,0.04540000,5220.20000000,0.0536
1749262406,0.04530000,3195.30000000,0.0536
1749262406,0.04510000,1420.40000000,0.0536
1749262406,0.04500000,101304.90000000,0.0536
1749262406,0.04480000,13993.60000000,0.0536
1749262406,0.04470000,203.70000000,0.0536
1749262406,0.04460000,2855.90000000,0.0536
1749262406,0.04450000,70372.70000000,0.0536
1749262406,0.04440000,1560.20000000,0.0536
1749262406,0.04430000,2735.30000000,0.0536
1749262406,0.04420000,211.10000000,0.0536
1749262406,0.04410000,1018.10000000,0.0536
1749262406,0.04400000,55312.00000000,0.0536
1749262406,0.04380000,10227.30000000,0.0536
1749262406,0.04360000,2924.80000000,0.0536
1749262406,0.04350000,3183.90000000,0.0536
1749262406,0.04340000,403.80000000,0.0536
1749262406,0.04320000,1065.00000000,0.0536
1749262406,0.04310000,1000.00000000,0.0536
1749262406,0.04300000,26788.10000000,0.0536
1749262406,0.04290000,2366.40000000,0.0536
1749262406,0.04280000,233.80000000,0.0536
1749262406,0.04270000,1205.40000000,0.0536
1749262406,0.04260000,237.30000000,0.0536
1749262406,0.04250000,16244.60000000,0.0536
1749262711,0.05360000,212528.60000000,0.0537
1749262711,0.05350000,568404.20000000,0.0537
1749262711,0.05340000,618928.50000000,0.0537
1749262711,0.05330000,287019.40000000,0.0537
1749262711,0.05320000,90748.60000000,0.0537
1749262711,0.05310000,234029.60000000,0.0537
1749262711,0.05300000,90972.00000000,0.0537
1749262711,0.05290000,182249.80000000,0.0537
1749262711,0.05280000,140055.50000000,0.0537
1749262711,0.05270000,129130.40000000,0.0537
1749262711,0.05260000,386182.60000000,0.0537
1749262711,0.05250000,268324.60000000,0.0537
1749262711,0.05240000,298134.00000000,0.0537
1749262711,0.05230000,104127.80000000,0.0537
1749262711,0.05220000,79414.00000000,0.0537
1749262711,0.05210000,22300.50000000,0.0537
1749262711,0.05200000,42564.00000000,0.0537
1749262711,0.05190000,48473.00000000,0.0537
1749262711,0.05180000,22596.40000000,0.0537
1749262711,0.05170000,23138.50000000,0.0537
1749262711,0.05160000,23734.80000000,0.0537
1749262711,0.05150000,59008.00000000,0.0537
1749262711,0.05140000,22846.00000000,0.0537
1749262711,0.05130000,33255.90000000,0.0537
1749262711,0.05120000,1403.90000000,0.0537
1749262711,0.05110000,13922.60000000,0.0537
1749262711,0.05100000,46842.70000000,0.0537
1749262711,0.05090000,12988.80000000,0.0537
1749262711,0.05080000,23586.20000000,0.0537
1749262711,0.05070000,18218.70000000,0.0537
1749262711,0.05060000,23115.80000000,0.0537
1749262711,0.05050000,62019.70000000,0.0537
1749262711,0.05040000,35700.90000000,0.0537
1749262711,0.05030000,2846.60000000,0.0537
1749262711,0.05020000,13765.10000000,0.0537
1749262711,0.05010000,116126.70000000,0.0537
1749262711,0.05000000,399507.60000000,0.0537
1749262711,0.04990000,25913.30000000,0.0537
1749262711,0.04980000,12898.10000000,0.0537
1749262711,0.04970000,702.00000000,0.0537
1749262711,0.04960000,188.80000000,0.0537
1749262711,0.04950000,17263.10000000,0.0537
1749262711,0.04940000,666.80000000,0.0537
1749262711,0.04930000,2313.00000000,0.0537
1749262711,0.04920000,801.90000000,0.0537
1749262711,0.04910000,188.80000000,0.0537
1749262711,0.04900000,60413.20000000,0.0537
1749262711,0.04890000,311.40000000,0.0537
1749262711,0.04880000,393.70000000,0.0537
1749262711,0.04870000,1010.10000000,0.0537
1749262711,0.04860000,11757.50000000,0.0537
1749262711,0.04850000,5174.50000000,0.0537
1749262711,0.04840000,3284.80000000,0.0537
1749262711,0.04830000,366.10000000,0.0537
1749262711,0.04820000,4678.60000000,0.0537
1749262711,0.04810000,582.00000000,0.0537
1749262711,0.04800000,112782.30000000,0.0537
1749262711,0.04770000,3770.80000000,0.0537
1749262711,0.04760000,180.10000000,0.0537
1749262711,0.04750000,43605.90000000,0.0537
1749262711,0.04720000,1329.60000000,0.0537
1749262711,0.04710000,5869.30000000,0.0537
1749262711,0.04700000,192421.80000000,0.0537
1749262711,0.04690000,96319.10000000,0.0537
1749262711,0.04680000,31121.70000000,0.0537
1749262711,0.04660000,4913.20000000,0.0537
1749262711,0.04650000,838.00000000,0.0537
1749262711,0.04640000,358.00000000,0.0537
1749262711,0.04630000,15612.70000000,0.0537
1749262711,0.04620000,180.10000000,0.0537
1749262711,0.04610000,23982.50000000,0.0537
1749262711,0.04600000,248070.10000000,0.0537
1749262711,0.04590000,587.40000000,0.0537
1749262711,0.04560000,8889.50000000,0.0537
1749262711,0.04550000,3478.40000000,0.0537
1749262711,0.04540000,5220.20000000,0.0537
1749262711,0.04530000,3195.30000000,0.0537
1749262711,0.04510000,1420.40000000,0.0537
1749262711,0.04500000,101304.90000000,0.0537
1749262711,0.04480000,13993.60000000,0.0537
1749262711,0.04470000,203.70000000,0.0537
1749262711,0.04460000,2855.90000000,0.0537
1749262711,0.04450000,70372.70000000,0.0537
1749262711,0.04440000,1560.20000000,0.0537
1749262711,0.04430000,2735.30000000,0.0537
1749262711,0.04420000,211.10000000,0.0537
1749262711,0.04410000,1018.10000000,0.0537
1749262711,0.04400000,55312.00000000,0.0537
1749262711,0.04380000,10227.30000000,0.0537
1749262711,0.04360000,2924.80000000,0.0537
1749262711,0.04350000,3183.90000000,0.0537
1749262711,0.04340000,403.80000000,0.0537
1749262711,0.04320000,1065.00000000,0.0537
1749262711,0.04310000,1000.00000000,0.0537
1749262711,0.04300000,26788.10000000,0.0537
1749262711,0.04290000,2366.40000000,0.0537
1749262711,0.04280000,233.80000000,0.0537
1749262711,0.04270000,1205.40000000,0.0537
1749262711,0.04260000,237.30000000,0.0537
1749262711,0.04250000,16244.60000000,0.0537
1749263020,0.05360000,338538.60000000,0.0537
1749263020,0.05350000,508638.90000000,0.0537
1749263020,0.05340000,538615.30000000,0.0537
1749263020,0.05330000,304867.30000000,0.0537
1749263020,0.05320000,88669.60000000,0.0537
1749263020,0.05310000,209575.40000000,0.0537
1749263020,0.05300000,90970.50000000,0.0537
1749263020,0.05290000,247435.60000000,0.0537
1749263020,0.05280000,143575.60000000,0.0537
1749263020,0.05270000,62263.30000000,0.0537
1749263020,0.05260000,386182.60000000,0.0537
1749263020,0.05250000,268324.60000000,0.0537
1749263020,0.05240000,324393.30000000,0.0537
1749263020,0.05230000,78575.80000000,0.0537
1749263020,0.05220000,79414.00000000,0.0537
1749263020,0.05210000,22300.50000000,0.0537
1749263020,0.05200000,67903.30000000,0.0537
1749263020,0.05190000,22416.10000000,0.0537
1749263020,0.05180000,22596.40000000,0.0537
1749263020,0.05170000,23138.50000000,0.0537
1749263020,0.05160000,36840.10000000,0.0537
1749263020,0.05150000,46496.70000000,0.0537
1749263020,0.05140000,22846.00000000,0.0537
1749263020,0.05130000,33255.90000000,0.0537
1749263020,0.05120000,1403.90000000,0.0537
1749263020,0.05110000,13922.60000000,0.0537
1749263020,0.05100000,37374.50000000,0.0537
1749263020,0.05090000,12988.80000000,0.0537
1749263020,0.05080000,23586.20000000,0.0537
1749263020,0.05070000,18198.80000000,0.0537
1749263020,0.05060000,23051.10000000,0.0537
1749263020,0.05050000,62019.70000000,0.0537
1749263020,0.05040000,35700.90000000,0.0537
1749263020,0.05030000,2846.60000000,0.0537
1749263020,0.05020000,13765.10000000,0.0537
1749263020,0.05010000,116126.70000000,0.0537
1749263020,0.05000000,399507.60000000,0.0537
1749263020,0.04990000,25913.30000000,0.0537
1749263020,0.04980000,12898.10000000,0.0537
1749263020,0.04970000,702.00000000,0.0537
1749263020,0.04960000,188.80000000,0.0537
1749263020,0.04950000,4663.10000000,0.0537
1749263020,0.04940000,666.80000000,0.0537
1749263020,0.04930000,2313.00000000,0.0537
1749263020,0.04920000,801.90000000,0.0537
1749263020,0.04910000,188.80000000,0.0537
1749263020,0.04900000,60413.20000000,0.0537
1749263020,0.04890000,311.40000000,0.0537
1749263020,0.04880000,393.70000000,0.0537
1749263020,0.04870000,1010.10000000,0.0537
1749263020,0.04860000,11757.50000000,0.0537
1749263020,0.04850000,5174.50000000,0.0537
1749263020,0.04840000,3284.80000000,0.0537
1749263020,0.04830000,366.10000000,0.0537
1749263020,0.04820000,4678.60000000,0.0537
1749263020,0.04810000,582.00000000,0.0537
1749263020,0.04800000,112782.30000000,0.0537
1749263020,0.04770000,3770.80000000,0.0537
1749263020,0.04760000,180.10000000,0.0537
1749263020,0.04750000,43605.90000000,0.0537
1749263020,0.04720000,1329.60000000,0.0537
1749263020,0.04710000,5869.30000000,0.0537
1749263020,0.04700000,192421.80000000,0.0537
1749263020,0.04690000,96319.10000000,0.0537
1749263020,0.04680000,31121.70000000,0.0537
1749263020,0.04660000,4913.20000000,0.0537
1749263020,0.04650000,838.00000000,0.0537
1749263020,0.04640000,358.00000000,0.0537
1749263020,0.04630000,15612.70000000,0.0537
1749263020,0.04620000,180.10000000,0.0537
1749263020,0.04610000,23982.50000000,0.0537
1749263020,0.04600000,248070.10000000,0.0537
1749263020,0.04590000,587.40000000,0.0537
1749263020,0.04560000,8889.50000000,0.0537
1749263020,0.04550000,3478.40000000,0.0537
1749263020,0.04540000,5220.20000000,0.0537
1749263020,0.04530000,3195.30000000,0.0537
1749263020,0.04510000,1420.40000000,0.0537
1749263020,0.04500000,101304.90000000,0.0537
1749263020,0.04480000,13993.60000000,0.0537
1749263020,0.04470000,203.70000000,0.0537
1749263020,0.04460000,2855.90000000,0.0537
1749263020,0.04450000,70372.70000000,0.0537
1749263020,0.04440000,1560.20000000,0.0537
1749263020,0.04430000,2735.30000000,0.0537
1749263020,0.04420000,211.10000000,0.0537
1749263020,0.04410000,1018.10000000,0.0537
1749263020,0.04400000,55312.00000000,0.0537
1749263020,0.04380000,10227.30000000,0.0537
1749263020,0.04360000,2924.80000000,0.0537
1749263020,0.04350000,3183.90000000,0.0537
1749263020,0.04340000,403.80000000,0.0537
1749263020,0.04320000,1065.00000000,0.0537
1749263020,0.04310000,1000.00000000,0.0537
1749263020,0.04300000,26788.10000000,0.0537
1749263020,0.04290000,2366.40000000,0.0537
1749263020,0.04280000,233.80000000,0.0537
1749263020,0.04270000,1205.40000000,0.0537
1749263020,0.04260000,237.30000000,0.0537
1749263020,0.04250000,16244.60000000,0.0537
1749263328,0.05360000,313635.20000000,0.0537
1749263328,0.05350000,707846.90000000,0.0537
1749263328,0.05340000,636857.50000000,0.0537
1749263328,0.05330000,271661.60000000,0.0537
1749263328,0.05320000,109499.10000000,0.0537
1749263328,0.05310000,218774.00000000,0.0537
1749263328,0.05300000,90970.50000000,0.0537
1749263328,0.05290000,247435.60000000,0.0537
1749263328,0.05280000,70940.90000000,0.0537
1749263328,0.05270000,400828.10000000,0.0537
1749263328,0.05260000,386182.60000000,0.0537
1749263328,0.05250000,268324.60000000,0.0537
1749263328,0.05240000,324393.30000000,0.0537
1749263328,0.05230000,78575.80000000,0.0537
1749263328,0.05220000,23279.40000000,0.0537
1749263328,0.05210000,22300.50000000,0.0537
1749263328,0.05200000,67903.30000000,0.0537
1749263328,0.05190000,22416.10000000,0.0537
1749263328,0.05180000,22596.40000000,0.0537
1749263328,0.05170000,23138.50000000,0.0537
1749263328,0.05160000,36840.10000000,0.0537
1749263328,0.05150000,46497.40000000,0.0537
1749263328,0.05140000,22846.00000000,0.0537
1749263328,0.05130000,33255.90000000,0.0537
1749263328,0.05120000,1403.90000000,0.0537
1749263328,0.05110000,13922.60000000,0.0537
1749263328,0.05100000,37374.50000000,0.0537
1749263328,0.05090000,12988.80000000,0.0537
1749263328,0.05080000,23586.20000000,0.0537
1749263328,0.05070000,18198.80000000,0.0537
1749263328,0.05060000,23051.10000000,0.0537
1749263328,0.05050000,62019.70000000,0.0537
1749263328,0.05040000,35700.90000000,0.0537
1749263328,0.05030000,2846.60000000,0.0537
1749263328,0.05020000,13765.10000000,0.0537
1749263328,0.05010000,116126.70000000,0.0537
1749263328,0.05000000,399507.60000000,0.0537
1749263328,0.04990000,25913.30000000,0.0537
1749263328,0.04980000,298.10000000,0.0537
1749263328,0.04970000,702.00000000,0.0537
1749263328,0.04960000,188.80000000,0.0537
1749263328,0.04950000,4663.10000000,0.0537
1749263328,0.04940000,666.80000000,0.0537
1749263328,0.04930000,2313.00000000,0.0537
1749263328,0.04920000,801.90000000,0.0537
1749263328,0.04910000,188.80000000,0.0537
1749263328,0.04900000,60413.20000000,0.0537
1749263328,0.04890000,311.40000000,0.0537
1749263328,0.04880000,393.70000000,0.0537
1749263328,0.04870000,1010.10000000,0.0537
1749263328,0.04860000,11757.50000000,0.0537
1749263328,0.04850000,5174.50000000,0.0537
1749263328,0.04840000,3284.80000000,0.0537
1749263328,0.04830000,817.30000000,0.0537
1749263328,0.04820000,4226.60000000,0.0537
1749263328,0.04810000,582.00000000,0.0537
1749263328,0.04800000,112782.30000000,0.0537
1749263328,0.04770000,3770.80000000,0.0537
1749263328,0.04760000,180.10000000,0.0537
1749263328,0.04750000,43605.90000000,0.0537
1749263328,0.04720000,1329.60000000,0.0537
1749263328,0.04710000,5869.30000000,0.0537
1749263328,0.04700000,192421.80000000,0.0537
1749263328,0.04690000,96319.10000000,0.0537
1749263328,0.04680000,31121.70000000,0.0537
1749263328,0.04660000,4913.20000000,0.0537
1749263328,0.04650000,838.00000000,0.0537
1749263328,0.04640000,358.00000000,0.0537
1749263328,0.04630000,15612.70000000,0.0537
1749263328,0.04620000,180.10000000,0.0537
1749263328,0.04610000,23982.50000000,0.0537
1749263328,0.04600000,248070.10000000,0.0537
1749263328,0.04590000,587.40000000,0.0537
1749263328,0.04560000,8889.50000000,0.0537
1749263328,0.04550000,3478.40000000,0.0537
1749263328,0.04540000,5220.20000000,0.0537
1749263328,0.04530000,3195.30000000,0.0537
1749263328,0.04510000,1420.40000000,0.0537
1749263328,0.04500000,101304.90000000,0.0537
1749263328,0.04480000,13993.60000000,0.0537
1749263328,0.04470000,203.70000000,0.0537
1749263328,0.04460000,2855.90000000,0.0537
1749263328,0.04450000,70372.70000000,0.0537
1749263328,0.04440000,1560.20000000,0.0537
1749263328,0.04430000,2735.30000000,0.0537
1749263328,0.04420000,211.10000000,0.0537
1749263328,0.04410000,1018.10000000,0.0537
1749263328,0.04400000,55312.00000000,0.0537
1749263328,0.04380000,10227.30000000,0.0537
1749263328,0.04360000,2924.80000000,0.0537
1749263328,0.04350000,3183.90000000,0.0537
1749263328,0.04340000,403.80000000,0.0537
1749263328,0.04320000,1065.00000000,0.0537
1749263328,0.04310000,1000.00000000,0.0537
1749263328,0.04300000,26788.10000000,0.0537
1749263328,0.04290000,2366.40000000,0.0537
1749263328,0.04280000,233.80000000,0.0537
1749263328,0.04270000,1205.40000000,0.0537
1749263328,0.04260000,237.30000000,0.0537
1749263328,0.04250000,16244.60000000,0.0537
1749263630,0.05360000,248279.90000000,0.0537
1749263630,0.05350000,749470.40000000,0.0537
1749263630,0.05340000,516644.30000000,0.0537
1749263630,0.05330000,273120.90000000,0.0537
1749263630,0.05320000,109694.50000000,0.0537
1749263630,0.05310000,218774.00000000,0.0537
1749263630,0.05300000,90970.50000000,0.0537
1749263630,0.05290000,247435.60000000,0.0537
1749263630,0.05280000,71184.20000000,0.0537
1749263630,0.05270000,401726.00000000,0.0537
1749263630,0.05260000,386182.60000000,0.0537
1749263630,0.05250000,268324.60000000,0.0537
1749263630,0.05240000,324393.30000000,0.0537
1749263630,0.05230000,78575.80000000,0.0537
1749263630,0.05220000,23279.40000000,0.0537
1749263630,0.05210000,22300.50000000,0.0537
1749263630,0.05200000,67903.30000000,0.0537
1749263630,0.05190000,22416.10000000,0.0537
1749263630,0.05180000,22596.40000000,0.0537
1749263630,0.05170000,23138.50000000,0.0537
1749263630,0.05160000,36840.10000000,0.0537
1749263630,0.05150000,46497.40000000,0.0537
1749263630,0.05140000,22846.00000000,0.0537
1749263630,0.05130000,33255.90000000,0.0537
1749263630,0.05120000,1403.90000000,0.0537
1749263630,0.05110000,13922.60000000,0.0537
1749263630,0.05100000,37374.50000000,0.0537
1749263630,0.05090000,12988.80000000,0.0537
1749263630,0.05080000,23586.20000000,0.0537
1749263630,0.05070000,18198.80000000,0.0537
1749263630,0.05060000,23051.10000000,0.0537
1749263630,0.05050000,62019.70000000,0.0537
1749263630,0.05040000,35700.90000000,0.0537
1749263630,0.05030000,2846.60000000,0.0537
1749263630,0.05020000,13765.10000000,0.0537
1749263630,0.05010000,116126.70000000,0.0537
1749263630,0.05000000,399507.60000000,0.0537
1749263630,0.04990000,25913.30000000,0.0537
1749263630,0.04980000,298.10000000,0.0537
1749263630,0.04970000,702.00000000,0.0537
1749263630,0.04960000,188.80000000,0.0537
1749263630,0.04950000,4663.10000000,0.0537
1749263630,0.04940000,666.80000000,0.0537
1749263630,0.04930000,2313.00000000,0.0537
1749263630,0.04920000,801.90000000,0.0537
1749263630,0.04910000,188.80000000,0.0537
1749263630,0.04900000,60413.20000000,0.0537
1749263630,0.04890000,311.40000000,0.0537
1749263630,0.04880000,393.70000000,0.0537
1749263630,0.04870000,1010.10000000,0.0537
1749263630,0.04860000,11757.50000000,0.0537
1749263630,0.04850000,5174.50000000,0.0537
1749263630,0.04840000,3284.80000000,0.0537
1749263630,0.04830000,817.30000000,0.0537
1749263630,0.04820000,4226.60000000,0.0537
1749263630,0.04810000,582.00000000,0.0537
1749263630,0.04800000,112782.30000000,0.0537
1749263630,0.04770000,3770.80000000,0.0537
1749263630,0.04760000,180.10000000,0.0537
1749263630,0.04750000,43605.90000000,0.0537
1749263630,0.04720000,1329.60000000,0.0537
1749263630,0.04710000,5869.30000000,0.0537
1749263630,0.04700000,192421.80000000,0.0537
1749263630,0.04690000,96319.10000000,0.0537
1749263630,0.04680000,31121.70000000,0.0537
1749263630,0.04660000,4913.20000000,0.0537
1749263630,0.04650000,838.00000000,0.0537
1749263630,0.04640000,358.00000000,0.0537
1749263630,0.04630000,15612.70000000,0.0537
1749263630,0.04620000,180.10000000,0.0537
1749263630,0.04610000,23982.50000000,0.0537
1749263630,0.04600000,248070.10000000,0.0537
1749263630,0.04590000,587.40000000,0.0537
1749263630,0.04560000,8889.50000000,0.0537
1749263630,0.04550000,3478.40000000,0.0537
1749263630,0.04540000,5220.20000000,0.0537
1749263630,0.04530000,3195.30000000,0.0537
1749263630,0.04510000,1420.40000000,0.0537
1749263630,0.04500000,101304.90000000,0.0537
1749263630,0.04480000,13993.60000000,0.0537
1749263630,0.04470000,203.70000000,0.0537
1749263630,0.04460000,2855.90000000,0.0537
1749263630,0.04450000,70372.70000000,0.0537
1749263630,0.04440000,1560.20000000,0.0537
1749263630,0.04430000,2735.30000000,0.0537
1749263630,0.04420000,211.10000000,0.0537
1749263630,0.04410000,1018.10000000,0.0537
1749263630,0.04400000,55312.00000000,0.0537
1749263630,0.04380000,10227.30000000,0.0537
1749263630,0.04360000,2924.80000000,0.0537
1749263630,0.04350000,3183.90000000,0.0537
1749263630,0.04340000,403.80000000,0.0537
1749263630,0.04320000,1065.00000000,0.0537
1749263630,0.04310000,1000.00000000,0.0537
1749263630,0.04300000,26788.10000000,0.0537
1749263630,0.04290000,2366.40000000,0.0537
1749263630,0.04280000,233.80000000,0.0537
1749263630,0.04270000,1205.40000000,0.0537
1749263630,0.04260000,237.30000000,0.0537
1749263630,0.04250000,16244.60000000,0.0537
1749263937,0.05370000,131319.60000000,0.0538
1749263937,0.05360000,644281.20000000,0.0538
1749263937,0.05350000,623601.50000000,0.0538
1749263937,0.05340000,412890.40000000,0.0538
1749263937,0.05330000,86293.00000000,0.0538
1749263937,0.05320000,104186.00000000,0.0538
1749263937,0.05310000,185549.70000000,0.0538
1749263937,0.05300000,90970.50000000,0.0538
1749263937,0.05290000,283834.70000000,0.0538
1749263937,0.05280000,44794.40000000,0.0538
1749263937,0.05270000,395299.60000000,0.0538
1749263937,0.05260000,364584.90000000,0.0538
1749263937,0.05250000,268324.60000000,0.0538
1749263937,0.05240000,324393.30000000,0.0538
1749263937,0.05230000,78575.80000000,0.0538
1749263937,0.05220000,23279.40000000,0.0538
1749263937,0.05210000,22300.50000000,0.0538
1749263937,0.05200000,67903.30000000,0.0538
1749263937,0.05190000,22416.10000000,0.0538
1749263937,0.05180000,22596.40000000,0.0538
1749263937,0.05170000,23138.50000000,0.0538
1749263937,0.05160000,36840.10000000,0.0538
1749263937,0.05150000,46497.40000000,0.0538
1749263937,0.05140000,23788.60000000,0.0538
1749263937,0.05130000,32311.50000000,0.0538
1749263937,0.05120000,1403.90000000,0.0538
1749263937,0.05110000,13922.60000000,0.0538
1749263937,0.05100000,37374.50000000,0.0538
1749263937,0.05090000,12988.80000000,0.0538
1749263937,0.05080000,23586.20000000,0.0538
1749263937,0.05070000,18193.30000000,0.0538
1749263937,0.05060000,23204.50000000,0.0538
1749263937,0.05050000,62019.70000000,0.0538
1749263937,0.05040000,35700.90000000,0.0538
1749263937,0.05030000,2846.60000000,0.0538
1749263937,0.05020000,13765.10000000,0.0538
1749263937,0.05010000,116126.70000000,0.0538
1749263937,0.05000000,399507.60000000,0.0538
1749263937,0.04990000,25913.30000000,0.0538
1749263937,0.04980000,298.10000000,0.0538
1749263937,0.04970000,702.00000000,0.0538
1749263937,0.04960000,188.80000000,0.0538
1749263937,0.04950000,4663.10000000,0.0538
1749263937,0.04940000,666.80000000,0.0538
1749263937,0.04930000,2313.00000000,0.0538
1749263937,0.04920000,801.90000000,0.0538
1749263937,0.04910000,188.80000000,0.0538
1749263937,0.04900000,60413.20000000,0.0538
1749263937,0.04890000,311.40000000,0.0538
1749263937,0.04880000,393.70000000,0.0538
1749263937,0.04870000,1010.10000000,0.0538
1749263937,0.04860000,11757.50000000,0.0538
1749263937,0.04850000,5174.50000000,0.0538
1749263937,0.04840000,3284.80000000,0.0538
1749263937,0.04830000,180.10000000,0.0538
1749263937,0.04820000,4678.60000000,0.0538
1749263937,0.04810000,582.00000000,0.0538
1749263937,0.04800000,112782.30000000,0.0538
1749263937,0.04770000,3770.80000000,0.0538
1749263937,0.04760000,180.10000000,0.0538
1749263937,0.04750000,43605.90000000,0.0538
1749263937,0.04720000,1329.60000000,0.0538
1749263937,0.04710000,5869.30000000,0.0538
1749263937,0.04700000,192421.80000000,0.0538
1749263937,0.04690000,96319.10000000,0.0538
1749263937,0.04680000,31121.70000000,0.0538
1749263937,0.04660000,4913.20000000,0.0538
1749263937,0.04650000,838.00000000,0.0538
1749263937,0.04640000,358.00000000,0.0538
1749263937,0.04630000,15612.70000000,0.0538
1749263937,0.04620000,180.10000000,0.0538
1749263937,0.04610000,23982.50000000,0.0538
1749263937,0.04600000,248070.10000000,0.0538
1749263937,0.04590000,587.40000000,0.0538
1749263937,0.04560000,8889.50000000,0.0538
1749263937,0.04550000,3478.40000000,0.0538
1749263937,0.04540000,5220.20000000,0.0538
1749263937,0.04530000,3195.30000000,0.0538
1749263937,0.04510000,1420.40000000,0.0538
1749263937,0.04500000,101304.90000000,0.0538
1749263937,0.04480000,13993.60000000,0.0538
1749263937,0.04470000,203.70000000,0.0538
1749263937,0.04460000,2855.90000000,0.0538
1749263937,0.04450000,70372.70000000,0.0538
1749263937,0.04440000,1560.20000000,0.0538
1749263937,0.04430000,2735.30000000,0.0538
1749263937,0.04420000,211.10000000,0.0538
1749263937,0.04410000,1018.10000000,0.0538
1749263937,0.04400000,55312.00000000,0.0538
1749263937,0.04380000,10227.30000000,0.0538
1749263937,0.04360000,2924.80000000,0.0538
1749263937,0.04350000,3183.90000000,0.0538
1749263937,0.04340000,403.80000000,0.0538
1749263937,0.04320000,1065.00000000,0.0538
1749263937,0.04310000,1000.00000000,0.0538
1749263937,0.04300000,26788.10000000,0.0538
1749263937,0.04290000,2366.40000000,0.0538
1749263937,0.04280000,233.80000000,0.0538
1749263937,0.04270000,1205.40000000,0.0538
1749263937,0.04260000,237.30000000,0.0538
1749264238,0.05360000,265476.10000000,0.0537
1749264238,0.05350000,666622.60000000,0.0537
1749264238,0.05340000,472860.60000000,0.0537
1749264238,0.05330000,171839.80000000,0.0537
1749264238,0.05320000,249024.70000000,0.0537
1749264238,0.05310000,101342.80000000,0.0537
1749264238,0.05300000,88544.50000000,0.0537
1749264238,0.05290000,289794.20000000,0.0537
1749264238,0.05280000,44794.40000000,0.0537
1749264238,0.05270000,394243.50000000,0.0537
1749264238,0.05260000,364584.90000000,0.0537
1749264238,0.05250000,268324.60000000,0.0537
1749264238,0.05240000,324393.30000000,0.0537
1749264238,0.05230000,78575.80000000,0.0537
1749264238,0.05220000,23279.40000000,0.0537
1749264238,0.05210000,22300.50000000,0.0537
1749264238,0.05200000,67903.30000000,0.0537
1749264238,0.05190000,22416.10000000,0.0537
1749264238,0.05180000,22596.40000000,0.0537
1749264238,0.05170000,23138.50000000,0.0537
1749264238,0.05160000,40257.10000000,0.0537
1749264238,0.05150000,43073.80000000,0.0537
1749264238,0.05140000,22846.00000000,0.0537
1749264238,0.05130000,33255.90000000,0.0537
1749264238,0.05120000,1403.90000000,0.0537
1749264238,0.05110000,13922.60000000,0.0537
1749264238,0.05100000,37374.50000000,0.0537
1749264238,0.05090000,12988.80000000,0.0537
1749264238,0.05080000,23586.20000000,0.0537
1749264238,0.05070000,13464.00000000,0.0537
1749264238,0.05060000,23008.90000000,0.0537
1749264238,0.05050000,62019.70000000,0.0537
1749264238,0.05040000,35700.90000000,0.0537
1749264238,0.05030000,2846.60000000,0.0537
1749264238,0.05020000,13765.10000000,0.0537
1749264238,0.05010000,120858.20000000,0.0537
1749264238,0.05000000,399507.60000000,0.0537
1749264238,0.04990000,25913.30000000,0.0537
1749264238,0.04980000,298.10000000,0.0537
1749264238,0.04970000,702.00000000,0.0537
1749264238,0.04960000,188.80000000,0.0537
1749264238,0.04950000,4663.10000000,0.0537
1749264238,0.04940000,666.80000000,0.0537
1749264238,0.04930000,2313.00000000,0.0537
1749264238,0.04920000,801.90000000,0.0537
1749264238,0.04910000,188.80000000,0.0537
1749264238,0.04900000,60413.20000000,0.0537
1749264238,0.04890000,311.40000000,0.0537
1749264238,0.04880000,393.70000000,0.0537
1749264238,0.04870000,1010.10000000,0.0537
1749264238,0.04860000,11757.50000000,0.0537
1749264238,0.04850000,5174.50000000,0.0537
1749264238,0.04840000,3284.80000000,0.0537
1749264238,0.04830000,1719.70000000,0.0537
1749264238,0.04820000,3322.60000000,0.0537
1749264238,0.04810000,582.00000000,0.0537
1749264238,0.04800000,112782.30000000,0.0537
1749264238,0.04770000,3770.80000000,0.0537
1749264238,0.04760000,180.10000000,0.0537
1749264238,0.04750000,43605.90000000,0.0537
1749264238,0.04720000,1329.60000000,0.0537
1749264238,0.04710000,5869.30000000,0.0537
1749264238,0.04700000,192421.80000000,0.0537
1749264238,0.04690000,96319.10000000,0.0537
1749264238,0.04680000,31121.70000000,0.0537
1749264238,0.04660000,4913.20000000,0.0537
1749264238,0.04650000,838.00000000,0.0537
1749264238,0.04640000,358.00000000,0.0537
1749264238,0.04630000,15612.70000000,0.0537
1749264238,0.04620000,180.10000000,0.0537
1749264238,0.04610000,23982.50000000,0.0537
1749264238,0.04600000,248070.10000000,0.0537
1749264238,0.04590000,587.40000000,0.0537
1749264238,0.04560000,8889.50000000,0.0537
1749264238,0.04550000,3478.40000000,0.0537
1749264238,0.04540000,5220.20000000,0.0537
1749264238,0.04530000,3195.30000000,0.0537
1749264238,0.04510000,1420.40000000,0.0537
1749264238,0.04500000,101304.90000000,0.0537
1749264238,0.04480000,13993.60000000,0.0537
1749264238,0.04470000,203.70000000,0.0537
1749264238,0.04460000,2855.90000000,0.0537
1749264238,0.04450000,70372.70000000,0.0537
1749264238,0.04440000,1560.20000000,0.0537
1749264238,0.04430000,2735.30000000,0.0537
1749264238,0.04420000,211.10000000,0.0537
1749264238,0.04410000,1018.10000000,0.0537
1749264238,0.04400000,55312.00000000,0.0537
1749264238,0.04380000,10227.30000000,0.0537
1749264238,0.04360000,2924.80000000,0.0537
1749264238,0.04350000,3183.90000000,0.0537
1749264238,0.04340000,403.80000000,0.0537
1749264238,0.04320000,1065.00000000,0.0537
1749264238,0.04310000,1000.00000000,0.0537
1749264238,0.04300000,26788.10000000,0.0537
1749264238,0.04290000,2366.40000000,0.0537
1749264238,0.04280000,233.80000000,0.0537
1749264238,0.04270000,1205.40000000,0.0537
1749264238,0.04260000,237.30000000,0.0537
1749264238,0.04250000,16244.60000000,0.0537
1749264540,0.05370000,127216.00000000,0.0538
1749264540,0.05360000,533878.50000000,0.0538
1749264540,0.05350000,498081.70000000,0.0538
1749264540,0.05340000,401657.10000000,0.0538
1749264540,0.05330000,107440.60000000,0.0538
1749264540,0.05320000,213688.30000000,0.0538
1749264540,0.05310000,99967.40000000,0.0538
1749264540,0.05300000,88544.50000000,0.0538
1749264540,0.05290000,244886.60000000,0.0538
1749264540,0.05280000,75869.40000000,0.0538
1749264540,0.05270000,404927.30000000,0.0538
1749264540,0.05260000,386182.60000000,0.0538
1749264540,0.05250000,268324.60000000,0.0538
1749264540,0.05240000,324393.30000000,0.0538
1749264540,0.05230000,78575.80000000,0.0538
1749264540,0.05220000,23279.40000000,0.0538
1749264540,0.05210000,22300.50000000,0.0538
1749264540,0.05200000,67903.30000000,0.0538
1749264540,0.05190000,22416.10000000,0.0538
1749264540,0.05180000,22596.40000000,0.0538
1749264540,0.05170000,23138.50000000,0.0538
1749264540,0.05160000,40257.10000000,0.0538
1749264540,0.05150000,43073.80000000,0.0538
1749264540,0.05140000,22846.00000000,0.0538
1749264540,0.05130000,33255.90000000,0.0538
1749264540,0.05120000,1403.90000000,0.0538
1749264540,0.05110000,13922.60000000,0.0538
1749264540,0.05100000,75607.40000000,0.0538
1749264540,0.05090000,12988.80000000,0.0538
1749264540,0.05080000,23586.20000000,0.0538
1749264540,0.05070000,18217.50000000,0.0538
1749264540,0.05060000,23008.90000000,0.0538
1749264540,0.05050000,62019.70000000,0.0538
1749264540,0.05040000,35700.90000000,0.0538
1749264540,0.05030000,2846.60000000,0.0538
1749264540,0.05020000,13765.10000000,0.0538
1749264540,0.05010000,116126.70000000,0.0538
1749264540,0.05000000,399507.60000000,0.0538
1749264540,0.04990000,25913.30000000,0.0538
1749264540,0.04980000,298.10000000,0.0538
1749264540,0.04970000,702.00000000,0.0538
1749264540,0.04960000,188.80000000,0.0538
1749264540,0.04950000,4663.10000000,0.0538
1749264540,0.04940000,666.80000000,0.0538
1749264540,0.04930000,2313.00000000,0.0538
1749264540,0.04920000,801.90000000,0.0538
1749264540,0.04910000,188.80000000,0.0538
1749264540,0.04900000,60413.20000000,0.0538
1749264540,0.04890000,311.40000000,0.0538
1749264540,0.04880000,393.70000000,0.0538
1749264540,0.04870000,1010.10000000,0.0538
1749264540,0.04860000,11757.50000000,0.0538
1749264540,0.04850000,5174.50000000,0.0538
1749264540,0.04840000,3284.80000000,0.0538
1749264540,0.04830000,1533.70000000,0.0538
1749264540,0.04820000,3322.60000000,0.0538
1749264540,0.04810000,582.00000000,0.0538
1749264540,0.04800000,112782.30000000,0.0538
1749264540,0.04770000,3770.80000000,0.0538
1749264540,0.04760000,180.10000000,0.0538
1749264540,0.04750000,43605.90000000,0.0538
1749264540,0.04720000,1329.60000000,0.0538
1749264540,0.04710000,5869.30000000,0.0538
1749264540,0.04700000,192421.80000000,0.0538
1749264540,0.04690000,96319.10000000,0.0538
1749264540,0.04680000,31121.70000000,0.0538
1749264540,0.04660000,4913.20000000,0.0538
1749264540,0.04650000,838.00000000,0.0538
1749264540,0.04640000,358.00000000,0.0538
1749264540,0.04630000,15612.70000000,0.0538
1749264540,0.04620000,180.10000000,0.0538
1749264540,0.04610000,23982.50000000,0.0538
1749264540,0.04600000,248070.10000000,0.0538
1749264540,0.04590000,587.40000000,0.0538
1749264540,0.04560000,8889.50000000,0.0538
1749264540,0.04550000,3478.40000000,0.0538
1749264540,0.04540000,5220.20000000,0.0538
1749264540,0.04530000,3195.30000000,0.0538
1749264540,0.04510000,1420.40000000,0.0538
1749264540,0.04500000,101304.90000000,0.0538
1749264540,0.04480000,13993.60000000,0.0538
1749264540,0.04470000,203.70000000,0.0538
1749264540,0.04460000,2855.90000000,0.0538
1749264540,0.04450000,70372.70000000,0.0538
1749264540,0.04440000,1560.20000000,0.0538
1749264540,0.04430000,2735.30000000,0.0538
1749264540,0.04420000,211.10000000,0.0538
1749264540,0.04410000,1018.10000000,0.0538
1749264540,0.04400000,55312.00000000,0.0538
1749264540,0.04380000,10227.30000000,0.0538
1749264540,0.04360000,2924.80000000,0.0538
1749264540,0.04350000,3183.90000000,0.0538
1749264540,0.04340000,403.80000000,0.0538
1749264540,0.04320000,1065.00000000,0.0538
1749264540,0.04310000,1000.00000000,0.0538
1749264540,0.04300000,26788.10000000,0.0538
1749264540,0.04290000,2366.40000000,0.0538
1749264540,0.04280000,233.80000000,0.0538
1749264540,0.04270000,1205.40000000,0.0538
1749264540,0.04260000,237.30000000,0.0538
1749264847,0.05390000,82463.10000000,0.0539
1749264847,0.05380000,564688.70000000,0.0539
1749264847,0.05370000,380897.50000000,0.0539
1749264847,0.05360000,228228.10000000,0.0539
1749264847,0.05350000,332425.80000000,0.0539
1749264847,0.05340000,305427.60000000,0.0539
1749264847,0.05330000,83195.70000000,0.0539
1749264847,0.05320000,181632.40000000,0.0539
1749264847,0.05310000,79174.10000000,0.0539
1749264847,0.05300000,22439.80000000,0.0539
1749264847,0.05290000,557343.30000000,0.0539
1749264847,0.05280000,360253.70000000,0.0539
1749264847,0.05270000,379981.00000000,0.0539
1749264847,0.05260000,393628.70000000,0.0539
1749264847,0.05250000,268324.60000000,0.0539
1749264847,0.05240000,48700.20000000,0.0539
1749264847,0.05230000,22441.10000000,0.0539
1749264847,0.05220000,23279.40000000,0.0539
1749264847,0.05210000,22300.50000000,0.0539
1749264847,0.05200000,67903.30000000,0.0539
1749264847,0.05190000,22416.10000000,0.0539
1749264847,0.05180000,22480.60000000,0.0539
1749264847,0.05170000,23138.50000000,0.0539
1749264847,0.05160000,40256.40000000,0.0539
1749264847,0.05150000,44014.50000000,0.0539
1749264847,0.05140000,22846.00000000,0.0539
1749264847,0.05130000,32311.50000000,0.0539
1749264847,0.05120000,1403.90000000,0.0539
1749264847,0.05110000,13922.60000000,0.0539
1749264847,0.05100000,75607.40000000,0.0539
1749264847,0.05090000,12988.80000000,0.0539
1749264847,0.05080000,23586.20000000,0.0539
1749264847,0.05070000,22897.50000000,0.0539
1749264847,0.05060000,18293.40000000,0.0539
1749264847,0.05050000,61946.10000000,0.0539
1749264847,0.05040000,35700.90000000,0.0539
1749264847,0.05030000,2846.60000000,0.0539
1749264847,0.05020000,13585.80000000,0.0539
1749264847,0.05010000,116126.70000000,0.0539
1749264847,0.05000000,399507.60000000,0.0539
1749264847,0.04990000,25913.30000000,0.0539
1749264847,0.04980000,298.10000000,0.0539
1749264847,0.04970000,702.00000000,0.0539
1749264847,0.04960000,188.80000000,0.0539
1749264847,0.04950000,4663.10000000,0.0539
1749264847,0.04940000,666.80000000,0.0539
1749264847,0.04930000,2313.00000000,0.0539
1749264847,0.04920000,801.90000000,0.0539
1749264847,0.04910000,188.80000000,0.0539
1749264847,0.04900000,60413.20000000,0.0539
1749264847,0.04890000,311.40000000,0.0539
1749264847,0.04880000,393.70000000,0.0539
1749264847,0.04870000,1010.10000000,0.0539
1749264847,0.04860000,11510.60000000,0.0539
1749264847,0.04850000,5438.80000000,0.0539
1749264847,0.04840000,3999.90000000,0.0539
1749264847,0.04830000,180.10000000,0.0539
1749264847,0.04820000,3322.60000000,0.0539
1749264847,0.04810000,582.00000000,0.0539
1749264847,0.04800000,112782.30000000,0.0539
1749264847,0.04770000,3770.80000000,0.0539
1749264847,0.04760000,180.10000000,0.0539
1749264847,0.04750000,43605.90000000,0.0539
1749264847,0.04720000,1329.60000000,0.0539
1749264847,0.04710000,5869.30000000,0.0539
1749264847,0.04700000,192421.80000000,0.0539
1749264847,0.04690000,96319.10000000,0.0539
1749264847,0.04680000,31121.70000000,0.0539
1749264847,0.04660000,4913.20000000,0.0539
1749264847,0.04650000,838.00000000,0.0539
1749264847,0.04640000,358.00000000,0.0539
1749264847,0.04630000,15612.70000000,0.0539
1749264847,0.04620000,180.10000000,0.0539
1749264847,0.04610000,23982.50000000,0.0539
1749264847,0.04600000,248070.10000000,0.0539
1749264847,0.04590000,587.40000000,0.0539
1749264847,0.04560000,8889.50000000,0.0539
1749264847,0.04550000,3478.40000000,0.0539
1749264847,0.04540000,5220.20000000,0.0539
1749264847,0.04530000,3195.30000000,0.0539
1749264847,0.04510000,1420.40000000,0.0539
1749264847,0.04500000,101304.90000000,0.0539
1749264847,0.04480000,13993.60000000,0.0539
1749264847,0.04470000,203.70000000,0.0539
1749264847,0.04460000,2855.90000000,0.0539
1749264847,0.04450000,70372.70000000,0.0539
1749264847,0.04440000,1560.20000000,0.0539
1749264847,0.04430000,2735.30000000,0.0539
1749264847,0.04420000,211.10000000,0.0539
1749264847,0.04410000,1018.10000000,0.0539
1749264847,0.04400000,55312.00000000,0.0539
1749264847,0.04380000,10227.30000000,0.0539
1749264847,0.04360000,2924.80000000,0.0539
1749264847,0.04350000,3183.90000000,0.0539
1749264847,0.04340000,403.80000000,0.0539
1749264847,0.04320000,1065.00000000,0.0539
1749264847,0.04310000,1000.00000000,0.0539
1749264847,0.04300000,26788.10000000,0.0539
1749264847,0.04290000,2366.40000000,0.0539
1749264847,0.04280000,233.80000000,0.0539
1749265150,0.05390000,116906.00000000,0.054
1749265150,0.05380000,815808.20000000,0.054
1749265150,0.05370000,435258.80000000,0.054
1749265150,0.05360000,370222.60000000,0.054
1749265150,0.05350000,81427.10000000,0.054
1749265150,0.05340000,148315.40000000,0.054
1749265150,0.05330000,169223.80000000,0.054
1749265150,0.05320000,76683.50000000,0.054
1749265150,0.05310000,76752.20000000,0.054
1749265150,0.05300000,50871.80000000,0.054
1749265150,0.05290000,515600.80000000,0.054
1749265150,0.05280000,378773.60000000,0.054
1749265150,0.05270000,352999.40000000,0.054
1749265150,0.05260000,393058.70000000,0.054
1749265150,0.05250000,268324.60000000,0.054
1749265150,0.05240000,48700.20000000,0.054
1749265150,0.05230000,22441.10000000,0.054
1749265150,0.05220000,23279.40000000,0.054
1749265150,0.05210000,22300.50000000,0.054
1749265150,0.05200000,67903.30000000,0.054
1749265150,0.05190000,22416.10000000,0.054
1749265150,0.05180000,25884.40000000,0.054
1749265150,0.05170000,23138.50000000,0.054
1749265150,0.05160000,37779.00000000,0.054
1749265150,0.05150000,43073.80000000,0.054
1749265150,0.05140000,22846.00000000,0.054
1749265150,0.05130000,32311.50000000,0.054
1749265150,0.05120000,1403.90000000,0.054
1749265150,0.05110000,13922.60000000,0.054
1749265150,0.05100000,75607.40000000,0.054
1749265150,0.05090000,12988.80000000,0.054
1749265150,0.05080000,23586.20000000,0.054
1749265150,0.05070000,22897.50000000,0.054
1749265150,0.05060000,18293.40000000,0.054
1749265150,0.05050000,62012.00000000,0.054
1749265150,0.05040000,35700.90000000,0.054
1749265150,0.05030000,2846.60000000,0.054
1749265150,0.05020000,13585.80000000,0.054
1749265150,0.05010000,116126.70000000,0.054
1749265150,0.05000000,399507.60000000,0.054
1749265150,0.04990000,25913.30000000,0.054
1749265150,0.04980000,298.10000000,0.054
1749265150,0.04970000,702.00000000,0.054
1749265150,0.04960000,188.80000000,0.054
1749265150,0.04950000,4663.10000000,0.054
1749265150,0.04940000,666.80000000,0.054
1749265150,0.04930000,2313.00000000,0.054
1749265150,0.04920000,801.90000000,0.054
1749265150,0.04910000,188.80000000,0.054
1749265150,0.04900000,60413.20000000,0.054
1749265150,0.04890000,311.40000000,0.054
1749265150,0.04880000,393.70000000,0.054
1749265150,0.04870000,1010.10000000,0.054
1749265150,0.04860000,11510.60000000,0.054
1749265150,0.04850000,5888.40000000,0.054
1749265150,0.04840000,3999.90000000,0.054
1749265150,0.04830000,180.10000000,0.054
1749265150,0.04820000,2870.60000000,0.054
1749265150,0.04810000,582.00000000,0.054
1749265150,0.04800000,112782.30000000,0.054
1749265150,0.04770000,3770.80000000,0.054
1749265150,0.04760000,180.10000000,0.054
1749265150,0.04750000,43605.90000000,0.054
1749265150,0.04720000,1329.60000000,0.054
1749265150,0.04710000,5869.30000000,0.054
1749265150,0.04700000,192421.80000000,0.054
1749265150,0.04690000,96319.10000000,0.054
1749265150,0.04680000,31121.70000000,0.054
1749265150,0.04660000,4913.20000000,0.054
1749265150,0.04650000,838.00000000,0.054
1749265150,0.04640000,358.00000000,0.054
1749265150,0.04630000,15612.70000000,0.054
1749265150,0.04620000,180.10000000,0.054
1749265150,0.04610000,23982.50000000,0.054
1749265150,0.04600000,248070.10000000,0.054
1749265150,0.04590000,587.40000000,0.054
1749265150,0.04560000,8889.50000000,0.054
1749265150,0.04550000,3478.40000000,0.054
1749265150,0.04540000,5220.20000000,0.054
1749265150,0.04530000,3195.30000000,0.054
1749265150,0.04510000,1420.40000000,0.054
1749265150,0.04500000,101304.90000000,0.054
1749265150,0.04480000,13993.60000000,0.054
1749265150,0.04470000,203.70000000,0.054
1749265150,0.04460000,2855.90000000,0.054
1749265150,0.04450000,70372.70000000,0.054
1749265150,0.04440000,1560.20000000,0.054
1749265150,0.04430000,2735.30000000,0.054
1749265150,0.04420000,211.10000000,0.054
1749265150,0.04410000,1018.10000000,0.054
1749265150,0.04400000,55312.00000000,0.054
1749265150,0.04380000,10227.30000000,0.054
1749265150,0.04360000,2924.80000000,0.054
1749265150,0.04350000,3183.90000000,0.054
1749265150,0.04340000,403.80000000,0.054
1749265150,0.04320000,1065.00000000,0.054
1749265150,0.04310000,1000.00000000,0.054
1749265150,0.04300000,26788.10000000,0.054
1749265150,0.04290000,2366.40000000,0.054
1749265150,0.04280000,233.80000000,0.054
1749265451,0.05400000,162504.60000000,0.054
1749265451,0.05390000,673929.90000000,0.054
1749265451,0.05380000,399856.00000000,0.054
1749265451,0.05370000,438787.20000000,0.054
1749265451,0.05360000,218639.30000000,0.054
1749265451,0.05350000,89208.70000000,0.054
1749265451,0.05340000,237675.20000000,0.054
1749265451,0.05330000,65034.60000000,0.054
1749265451,0.05320000,141869.30000000,0.054
1749265451,0.05310000,40438.00000000,0.054
1749265451,0.05300000,489491.70000000,0.054
1749265451,0.05290000,360908.40000000,0.054
1749265451,0.05280000,390067.30000000,0.054
1749265451,0.05270000,352999.40000000,0.054
1749265451,0.05260000,364014.90000000,0.054
1749265451,0.05250000,22620.70000000,0.054
1749265451,0.05240000,48700.20000000,0.054
1749265451,0.05230000,22441.10000000,0.054
1749265451,0.05220000,23279.40000000,0.054
1749265451,0.05210000,22300.50000000,0.054
1749265451,0.05200000,67903.30000000,0.054
1749265451,0.05190000,22416.10000000,0.054
1749265451,0.05180000,22480.60000000,0.054
1749265451,0.05170000,26548.80000000,0.054
1749265451,0.05160000,36840.10000000,0.054
1749265451,0.05150000,44014.50000000,0.054
1749265451,0.05140000,22846.00000000,0.054
1749265451,0.05130000,32311.50000000,0.054
1749265451,0.05120000,1403.90000000,0.054
1749265451,0.05110000,13922.60000000,0.054
1749265451,0.05100000,75607.40000000,0.054
1749265451,0.05090000,12988.80000000,0.054
1749265451,0.05080000,23586.20000000,0.054
1749265451,0.05070000,18167.30000000,0.054
1749265451,0.05060000,22964.30000000,0.054
1749265451,0.05050000,62012.00000000,0.054
1749265451,0.05040000,35700.90000000,0.054
1749265451,0.05030000,2846.60000000,0.054
1749265451,0.05020000,13585.80000000,0.054
1749265451,0.05010000,116126.70000000,0.054
1749265451,0.05000000,399507.60000000,0.054
1749265451,0.04990000,25913.30000000,0.054
1749265451,0.04980000,298.10000000,0.054
1749265451,0.04970000,702.00000000,0.054
1749265451,0.04960000,188.80000000,0.054
1749265451,0.04950000,4663.10000000,0.054
1749265451,0.04940000,666.80000000,0.054
1749265451,0.04930000,2313.00000000,0.054
1749265451,0.04920000,801.90000000,0.054
1749265451,0.04910000,188.80000000,0.054
1749265451,0.04900000,60413.20000000,0.054
1749265451,0.04890000,311.40000000,0.054
1749265451,0.04880000,393.70000000,0.054
1749265451,0.04870000,1010.10000000,0.054
1749265451,0.04860000,11321.80000000,0.054
1749265451,0.04850000,5214.00000000,0.054
1749265451,0.04840000,4675.50000000,0.054
1749265451,0.04830000,180.10000000,0.054
1749265451,0.04820000,2870.60000000,0.054
1749265451,0.04810000,582.00000000,0.054
1749265451,0.04800000,112782.30000000,0.054
1749265451,0.04770000,3770.80000000,0.054
1749265451,0.04760000,180.10000000,0.054
1749265451,0.04750000,43605.90000000,0.054
1749265451,0.04720000,1329.60000000,0.054
1749265451,0.04710000,5869.30000000,0.054
1749265451,0.04700000,192421.80000000,0.054
1749265451,0.04690000,96319.10000000,0.054
1749265451,0.04680000,31121.70000000,0.054
1749265451,0.04660000,4913.20000000,0.054
1749265451,0.04650000,838.00000000,0.054
1749265451,0.04640000,358.00000000,0.054
1749265451,0.04630000,15612.70000000,0.054
1749265451,0.04620000,180.10000000,0.054
1749265451,0.04610000,23982.50000000,0.054
1749265451,0.04600000,248070.10000000,0.054
1749265451,0.04590000,587.40000000,0.054
1749265451,0.04560000,8889.50000000,0.054
1749265451,0.04550000,3478.40000000,0.054
1749265451,0.04540000,5220.20000000,0.054
1749265451,0.04530000,3195.30000000,0.054
1749265451,0.04510000,1420.40000000,0.054
1749265451,0.04500000,101304.90000000,0.054
1749265451,0.04480000,13993.60000000,0.054
1749265451,0.04470000,203.70000000,0.054
1749265451,0.04460000,2855.90000000,0.054
1749265451,0.04450000,70372.70000000,0.054
1749265451,0.04440000,1560.20000000,0.054
1749265451,0.04430000,2735.30000000,0.054
1749265451,0.04420000,211.10000000,0.054
1749265451,0.04410000,1018.10000000,0.054
1749265451,0.04400000,55312.00000000,0.054
1749265451,0.04380000,10227.30000000,0.054
1749265451,0.04360000,2924.80000000,0.054
1749265451,0.04350000,3183.90000000,0.054
1749265451,0.04340000,403.80000000,0.054
1749265451,0.04320000,1065.00000000,0.054
1749265451,0.04310000,1000.00000000,0.054
1749265451,0.04300000,26788.10000000,0.054
1749265451,0.04290000,2366.40000000,0.054
1749265753,0.05400000,118826.60000000,0.0541
1749265753,0.05390000,646350.60000000,0.0541
1749265753,0.05380000,572247.00000000,0.0541
1749265753,0.05370000,559554.90000000,0.0541
1749265753,0.05360000,105953.90000000,0.0541
1749265753,0.05350000,105172.50000000,0.0541
1749265753,0.05340000,221449.00000000,0.0541
1749265753,0.05330000,65034.60000000,0.0541
1749265753,0.05320000,121453.40000000,0.0541
1749265753,0.05310000,40438.00000000,0.0541
1749265753,0.05300000,520356.70000000,0.0541
1749265753,0.05290000,346295.10000000,0.0541
1749265753,0.05280000,412638.60000000,0.0541
1749265753,0.05270000,352999.40000000,0.0541
1749265753,0.05260000,364014.90000000,0.0541
1749265753,0.05250000,22620.70000000,0.0541
1749265753,0.05240000,22440.90000000,0.0541
1749265753,0.05230000,22441.10000000,0.0541
1749265753,0.05220000,23279.40000000,0.0541
1749265753,0.05210000,22300.50000000,0.0541
1749265753,0.05200000,67903.30000000,0.0541
1749265753,0.05190000,25813.10000000,0.0541
1749265753,0.05180000,22480.60000000,0.0541
1749265753,0.05170000,24075.60000000,0.0541
1749265753,0.05160000,36840.10000000,0.0541
1749265753,0.05150000,43073.80000000,0.0541
1749265753,0.05140000,22846.00000000,0.0541
1749265753,0.05130000,32311.50000000,0.0541
1749265753,0.05120000,1403.90000000,0.0541
1749265753,0.05110000,13922.60000000,0.0541
1749265753,0.05100000,75607.40000000,0.0541
1749265753,0.05090000,12988.80000000,0.0541
1749265753,0.05080000,23586.20000000,0.0541
1749265753,0.05070000,22777.00000000,0.0541
1749265753,0.05060000,23121.20000000,0.0541
1749265753,0.05050000,57259.60000000,0.0541
1749265753,0.05040000,35700.90000000,0.0541
1749265753,0.05030000,2846.60000000,0.0541
1749265753,0.05020000,13585.80000000,0.0541
1749265753,0.05010000,116126.70000000,0.0541
1749265753,0.05000000,399507.60000000,0.0541
1749265753,0.04990000,25913.30000000,0.0541
1749265753,0.04980000,298.10000000,0.0541
1749265753,0.04970000,702.00000000,0.0541
1749265753,0.04960000,188.80000000,0.0541
1749265753,0.04950000,4663.10000000,0.0541
1749265753,0.04940000,666.80000000,0.0541
1749265753,0.04930000,2313.00000000,0.0541
1749265753,0.04920000,801.90000000,0.0541
1749265753,0.04910000,188.80000000,0.0541
1749265753,0.04900000,60413.20000000,0.0541
1749265753,0.04890000,311.40000000,0.0541
1749265753,0.04880000,393.70000000,0.0541
1749265753,0.04870000,1010.10000000,0.0541
1749265753,0.04860000,11321.80000000,0.0541
1749265753,0.04850000,5214.00000000,0.0541
1749265753,0.04840000,4675.50000000,0.0541
1749265753,0.04830000,180.10000000,0.0541
1749265753,0.04820000,2870.60000000,0.0541
1749265753,0.04810000,582.00000000,0.0541
1749265753,0.04800000,112782.30000000,0.0541
1749265753,0.04770000,3770.80000000,0.0541
1749265753,0.04760000,180.10000000,0.0541
1749265753,0.04750000,43605.90000000,0.0541
1749265753,0.04720000,1329.60000000,0.0541
1749265753,0.04710000,5869.30000000,0.0541
1749265753,0.04700000,192421.80000000,0.0541
1749265753,0.04690000,96319.10000000,0.0541
1749265753,0.04680000,31121.70000000,0.0541
1749265753,0.04660000,4913.20000000,0.0541
1749265753,0.04650000,838.00000000,0.0541
1749265753,0.04640000,358.00000000,0.0541
1749265753,0.04630000,15612.70000000,0.0541
1749265753,0.04620000,180.10000000,0.0541
1749265753,0.04610000,23982.50000000,0.0541
1749265753,0.04600000,248070.10000000,0.0541
1749265753,0.04590000,587.40000000,0.0541
1749265753,0.04560000,8889.50000000,0.0541
1749265753,0.04550000,3478.40000000,0.0541
1749265753,0.04540000,5220.20000000,0.0541
1749265753,0.04530000,3195.30000000,0.0541
1749265753,0.04510000,1420.40000000,0.0541
1749265753,0.04500000,101304.90000000,0.0541
1749265753,0.04480000,13993.60000000,0.0541
1749265753,0.04470000,203.70000000,0.0541
1749265753,0.04460000,2855.90000000,0.0541
1749265753,0.04450000,70372.70000000,0.0541
1749265753,0.04440000,1560.20000000,0.0541
1749265753,0.04430000,2735.30000000,0.0541
1749265753,0.04420000,211.10000000,0.0541
1749265753,0.04410000,1018.10000000,0.0541
1749265753,0.04400000,55312.00000000,0.0541
1749265753,0.04380000,10227.30000000,0.0541
1749265753,0.04360000,2924.80000000,0.0541
1749265753,0.04350000,3183.90000000,0.0541
1749265753,0.04340000,403.80000000,0.0541
1749265753,0.04320000,1065.00000000,0.0541
1749265753,0.04310000,1000.00000000,0.0541
1749265753,0.04300000,26788.10000000,0.0541
1749265753,0.04290000,2366.40000000,0.0541
1749266054,0.05420000,188019.20000000,0.0543
1749266054,0.05410000,743778.20000000,0.0543
1749266054,0.05400000,412629.10000000,0.0543
1749266054,0.05390000,344588.10000000,0.0543
1749266054,0.05380000,265421.80000000,0.0543
1749266054,0.05370000,134641.70000000,0.0543
1749266054,0.05360000,176052.80000000,0.0543
1749266054,0.05350000,63390.10000000,0.0543
1749266054,0.05340000,95985.70000000,0.0543
1749266054,0.05330000,31817.40000000,0.0543
1749266054,0.05320000,425799.30000000,0.0543
1749266054,0.05310000,492376.50000000,0.0543
1749266054,0.05300000,381329.80000000,0.0543
1749266054,0.05290000,338995.00000000,0.0543
1749266054,0.05280000,364997.10000000,0.0543
1749266054,0.05270000,16207.90000000,0.0543
1749266054,0.05260000,22441.40000000,0.0543
1749266054,0.05250000,22620.70000000,0.0543
1749266054,0.05240000,22440.90000000,0.0543
1749266054,0.05230000,22441.10000000,0.0543
1749266054,0.05220000,23138.50000000,0.0543
1749266054,0.05210000,25684.80000000,0.0543
1749266054,0.05200000,67903.30000000,0.0543
1749266054,0.05190000,23349.60000000,0.0543
1749266054,0.05180000,22480.60000000,0.0543
1749266054,0.05170000,23138.50000000,0.0543
1749266054,0.05160000,36840.10000000,0.0543
1749266054,0.05150000,43073.80000000,0.0543
1749266054,0.05140000,22846.00000000,0.0543
1749266054,0.05130000,32311.50000000,0.0543
1749266054,0.05120000,1403.90000000,0.0543
1749266054,0.05110000,13922.60000000,0.0543
1749266054,0.05100000,75607.40000000,0.0543
1749266054,0.05090000,12988.80000000,0.0543
1749266054,0.05080000,28269.80000000,0.0543
1749266054,0.05070000,27626.80000000,0.0543
1749266054,0.05060000,13626.80000000,0.0543
1749266054,0.05050000,57259.60000000,0.0543
1749266054,0.05040000,35700.90000000,0.0543
1749266054,0.05030000,2846.60000000,0.0543
1749266054,0.05020000,13585.80000000,0.0543
1749266054,0.05010000,116126.70000000,0.0543
1749266054,0.05000000,399507.60000000,0.0543
1749266054,0.04990000,13313.30000000,0.0543
1749266054,0.04980000,298.10000000,0.0543
1749266054,0.04970000,702.00000000,0.0543
1749266054,0.04960000,188.80000000,0.0543
1749266054,0.04950000,4663.10000000,0.0543
1749266054,0.04940000,666.80000000,0.0543
1749266054,0.04930000,2313.00000000,0.0543
1749266054,0.04920000,801.90000000,0.0543
1749266054,0.04910000,188.80000000,0.0543
1749266054,0.04900000,60413.20000000,0.0543
1749266054,0.04890000,306.50000000,0.0543
1749266054,0.04880000,875.70000000,0.0543
1749266054,0.04870000,1941.30000000,0.0543
1749266054,0.04860000,11321.80000000,0.0543
1749266054,0.04850000,4989.20000000,0.0543
1749266054,0.04840000,3099.10000000,0.0543
1749266054,0.04830000,180.10000000,0.0543
1749266054,0.04820000,2870.60000000,0.0543
1749266054,0.04810000,582.00000000,0.0543
1749266054,0.04800000,112782.30000000,0.0543
1749266054,0.04770000,3770.80000000,0.0543
1749266054,0.04760000,180.10000000,0.0543
1749266054,0.04750000,43605.90000000,0.0543
1749266054,0.04720000,1329.60000000,0.0543
1749266054,0.04710000,5869.30000000,0.0543
1749266054,0.04700000,192421.80000000,0.0543
1749266054,0.04690000,96319.10000000,0.0543
1749266054,0.04680000,31121.70000000,0.0543
1749266054,0.04660000,4913.20000000,0.0543
1749266054,0.04650000,838.00000000,0.0543
1749266054,0.04640000,358.00000000,0.0543
1749266054,0.04630000,15612.70000000,0.0543
1749266054,0.04620000,180.10000000,0.0543
1749266054,0.04610000,23982.50000000,0.0543
1749266054,0.04600000,248070.10000000,0.0543
1749266054,0.04590000,587.40000000,0.0543
1749266054,0.04560000,8889.50000000,0.0543
1749266054,0.04550000,3478.40000000,0.0543
1749266054,0.04540000,5220.20000000,0.0543
1749266054,0.04530000,3195.30000000,0.0543
1749266054,0.04510000,1420.40000000,0.0543
1749266054,0.04500000,101304.90000000,0.0543
1749266054,0.04480000,13993.60000000,0.0543
1749266054,0.04470000,203.70000000,0.0543
1749266054,0.04460000,2855.90000000,0.0543
1749266054,0.04450000,70372.70000000,0.0543
1749266054,0.04440000,1560.20000000,0.0543
1749266054,0.04430000,2735.30000000,0.0543
1749266054,0.04420000,211.10000000,0.0543
1749266054,0.04410000,1018.10000000,0.0543
1749266054,0.04400000,55312.00000000,0.0543
1749266054,0.04380000,10227.30000000,0.0543
1749266054,0.04360000,2924.80000000,0.0543
1749266054,0.04350000,3183.90000000,0.0543
1749266054,0.04340000,403.80000000,0.0543
1749266054,0.04320000,1065.00000000,0.0543
1749266054,0.04310000,1000.00000000,0.0543
1749266356,0.05420000,345078.30000000,0.0543
1749266356,0.05410000,620894.30000000,0.0543
1749266356,0.05400000,449637.30000000,0.0543
1749266356,0.05390000,293058.50000000,0.0543
1749266356,0.05380000,140778.20000000,0.0543
1749266356,0.05370000,229694.90000000,0.0543
1749266356,0.05360000,71863.60000000,0.0543
1749266356,0.05350000,128273.90000000,0.0543
1749266356,0.05340000,68883.10000000,0.0543
1749266356,0.05330000,347091.90000000,0.0543
1749266356,0.05320000,360613.50000000,0.0543
1749266356,0.05310000,492781.00000000,0.0543
1749266356,0.05300000,380894.30000000,0.0543
1749266356,0.05290000,338995.00000000,0.0543
1749266356,0.05280000,49537.80000000,0.0543
1749266356,0.05270000,16207.90000000,0.0543
1749266356,0.05260000,47780.70000000,0.0543
1749266356,0.05250000,22620.70000000,0.0543
1749266356,0.05240000,22440.90000000,0.0543
1749266356,0.05230000,22441.10000000,0.0543
1749266356,0.05220000,23138.50000000,0.0543
1749266356,0.05210000,25684.80000000,0.0543
1749266356,0.05200000,42564.00000000,0.0543
1749266356,0.05190000,23349.60000000,0.0543
1749266356,0.05180000,22480.60000000,0.0543
1749266356,0.05170000,23138.50000000,0.0543
1749266356,0.05160000,36840.10000000,0.0543
1749266356,0.05150000,43073.80000000,0.0543
1749266356,0.05140000,22846.00000000,0.0543
1749266356,0.05130000,32311.50000000,0.0543
1749266356,0.05120000,1403.90000000,0.0543
1749266356,0.05110000,13922.60000000,0.0543
1749266356,0.05100000,80346.20000000,0.0543
1749266356,0.05090000,17750.90000000,0.0543
1749266356,0.05080000,28308.60000000,0.0543
1749266356,0.05070000,18145.10000000,0.0543
1749266356,0.05060000,13626.80000000,0.0543
1749266356,0.05050000,57259.60000000,0.0543
1749266356,0.05040000,35700.90000000,0.0543
1749266356,0.05030000,2846.60000000,0.0543
1749266356,0.05020000,13585.80000000,0.0543
1749266356,0.05010000,116126.70000000,0.0543
1749266356,0.05000000,399507.60000000,0.0543
1749266356,0.04990000,13313.30000000,0.0543
1749266356,0.04980000,298.10000000,0.0543
1749266356,0.04970000,702.00000000,0.0543
1749266356,0.04960000,188.80000000,0.0543
1749266356,0.04950000,4663.10000000,0.0543
1749266356,0.04940000,666.80000000,0.0543
1749266356,0.04930000,2313.00000000,0.0543
1749266356,0.04920000,801.90000000,0.0543
1749266356,0.04910000,188.80000000,0.0543
1749266356,0.04900000,60413.20000000,0.0543
1749266356,0.04890000,306.50000000,0.0543
1749266356,0.04880000,875.70000000,0.0543
1749266356,0.04870000,1941.30000000,0.0543
1749266356,0.04860000,11321.80000000,0.0543
1749266356,0.04850000,4989.20000000,0.0543
1749266356,0.04840000,3099.10000000,0.0543
1749266356,0.04830000,180.10000000,0.0543
1749266356,0.04820000,2870.60000000,0.0543
1749266356,0.04810000,582.00000000,0.0543
1749266356,0.04800000,112782.30000000,0.0543
1749266356,0.04770000,3770.80000000,0.0543
1749266356,0.04760000,180.10000000,0.0543
1749266356,0.04750000,43605.90000000,0.0543
1749266356,0.04720000,1329.60000000,0.0543
1749266356,0.04710000,5869.30000000,0.0543
1749266356,0.04700000,192421.80000000,0.0543
1749266356,0.04690000,96319.10000000,0.0543
1749266356,0.04680000,31121.70000000,0.0543
1749266356,0.04660000,4913.20000000,0.0543
1749266356,0.04650000,838.00000000,0.0543
1749266356,0.04640000,358.00000000,0.0543
1749266356,0.04630000,15612.70000000,0.0543
1749266356,0.04620000,180.10000000,0.0543
1749266356,0.04610000,23982.50000000,0.0543
1749266356,0.04600000,248070.10000000,0.0543
1749266356,0.04590000,587.40000000,0.0543
1749266356,0.04560000,8889.50000000,0.0543
1749266356,0.04550000,3478.40000000,0.0543
1749266356,0.04540000,5220.20000000,0.0543
1749266356,0.04530000,3195.30000000,0.0543
1749266356,0.04510000,1420.40000000,0.0543
1749266356,0.04500000,101304.90000000,0.0543
1749266356,0.04480000,13993.60000000,0.0543
1749266356,0.04470000,203.70000000,0.0543
1749266356,0.04460000,2855.90000000,0.0543
1749266356,0.04450000,70372.70000000,0.0543
1749266356,0.04440000,1560.20000000,0.0543
1749266356,0.04430000,2735.30000000,0.0543
1749266356,0.04420000,211.10000000,0.0543
1749266356,0.04410000,1018.10000000,0.0543
1749266356,0.04400000,55312.00000000,0.0543
1749266356,0.04380000,10227.30000000,0.0543
1749266356,0.04360000,2924.80000000,0.0543
1749266356,0.04350000,3183.90000000,0.0543
1749266356,0.04340000,403.80000000,0.0543
1749266356,0.04320000,1065.00000000,0.0543
1749266356,0.04310000,1000.00000000,0.0543
1749266659,0.05430000,251850.00000000,0.0544
1749266659,0.05420000,669630.30000000,0.0544
1749266659,0.05410000,357115.50000000,0.0544
1749266659,0.05400000,351875.80000000,0.0544
1749266659,0.05390000,216851.50000000,0.0544
1749266659,0.05380000,143546.60000000,0.0544
1749266659,0.05370000,173623.80000000,0.0544
1749266659,0.05360000,71863.60000000,0.0544
1749266659,0.05350000,126202.90000000,0.0544
1749266659,0.05340000,68883.10000000,0.0544
1749266659,0.05330000,347091.90000000,0.0544
1749266659,0.05320000,404464.50000000,0.0544
1749266659,0.05310000,486457.00000000,0.0544
1749266659,0.05300000,357064.20000000,0.0544
1749266659,0.05290000,338995.00000000,0.0544
1749266659,0.05280000,49537.80000000,0.0544
1749266659,0.05270000,25678.90000000,0.0544
1749266659,0.05260000,47780.70000000,0.0544
1749266659,0.05250000,22620.70000000,0.0544
1749266659,0.05240000,22440.90000000,0.0544
1749266659,0.05230000,22300.50000000,0.0544
1749266659,0.05220000,23138.50000000,0.0544
1749266659,0.05210000,25684.80000000,0.0544
1749266659,0.05200000,42564.00000000,0.0544
1749266659,0.05190000,23349.60000000,0.0544
1749266659,0.05180000,22480.60000000,0.0544
1749266659,0.05170000,23138.50000000,0.0544
1749266659,0.05160000,36840.10000000,0.0544
1749266659,0.05150000,43073.80000000,0.0544
1749266659,0.05140000,22846.00000000,0.0544
1749266659,0.05130000,32311.50000000,0.0544
1749266659,0.05120000,1403.90000000,0.0544
1749266659,0.05110000,18622.00000000,0.0544
1749266659,0.05100000,80298.50000000,0.0544
1749266659,0.05090000,17726.40000000,0.0544
1749266659,0.05080000,23586.20000000,0.0544
1749266659,0.05070000,18183.50000000,0.0544
1749266659,0.05060000,13626.80000000,0.0544
1749266659,0.05050000,57259.60000000,0.0544
1749266659,0.05040000,35700.90000000,0.0544
1749266659,0.05030000,2846.60000000,0.0544
1749266659,0.05020000,13585.80000000,0.0544
1749266659,0.05010000,116126.70000000,0.0544
1749266659,0.05000000,386907.60000000,0.0544
1749266659,0.04990000,13313.30000000,0.0544
1749266659,0.04980000,298.10000000,0.0544
1749266659,0.04970000,500.70000000,0.0544
1749266659,0.04960000,188.80000000,0.0544
1749266659,0.04950000,4663.10000000,0.0544
1749266659,0.04940000,869.30000000,0.0544
1749266659,0.04930000,2313.00000000,0.0544
1749266659,0.04920000,801.90000000,0.0544
1749266659,0.04910000,188.80000000,0.0544
1749266659,0.04900000,60408.00000000,0.0544
1749266659,0.04890000,1014.60000000,0.0544
1749266659,0.04880000,652.10000000,0.0544
1749266659,0.04870000,821.30000000,0.0544
1749266659,0.04860000,11321.80000000,0.0544
1749266659,0.04850000,4989.20000000,0.0544
1749266659,0.04840000,3099.10000000,0.0544
1749266659,0.04830000,180.10000000,0.0544
1749266659,0.04820000,2870.60000000,0.0544
1749266659,0.04810000,582.00000000,0.0544
1749266659,0.04800000,112782.30000000,0.0544
1749266659,0.04770000,3770.80000000,0.0544
1749266659,0.04760000,180.10000000,0.0544
1749266659,0.04750000,43605.90000000,0.0544
1749266659,0.04720000,1329.60000000,0.0544
1749266659,0.04710000,5869.30000000,0.0544
1749266659,0.04700000,192421.80000000,0.0544
1749266659,0.04690000,96319.10000000,0.0544
1749266659,0.04680000,31121.70000000,0.0544
1749266659,0.04660000,4913.20000000,0.0544
1749266659,0.04650000,838.00000000,0.0544
1749266659,0.04640000,358.00000000,0.0544
1749266659,0.04630000,15612.70000000,0.0544
1749266659,0.04620000,180.10000000,0.0544
1749266659,0.04610000,23982.50000000,0.0544
1749266659,0.04600000,248070.10000000,0.0544
1749266659,0.04590000,587.40000000,0.0544
1749266659,0.04560000,8889.50000000,0.0544
1749266659,0.04550000,3478.40000000,0.0544
1749266659,0.04540000,5220.20000000,0.0544
1749266659,0.04530000,3195.30000000,0.0544
1749266659,0.04510000,1420.40000000,0.0544
1749266659,0.04500000,101304.90000000,0.0544
1749266659,0.04480000,13993.60000000,0.0544
1749266659,0.04470000,203.70000000,0.0544
1749266659,0.04460000,2855.90000000,0.0544
1749266659,0.04450000,70372.70000000,0.0544
1749266659,0.04440000,1560.20000000,0.0544
1749266659,0.04430000,2735.30000000,0.0544
1749266659,0.04420000,211.10000000,0.0544
1749266659,0.04410000,1018.10000000,0.0544
1749266659,0.04400000,55312.00000000,0.0544
1749266659,0.04380000,10227.30000000,0.0544
1749266659,0.04360000,2924.80000000,0.0544
1749266659,0.04350000,3183.90000000,0.0544
1749266659,0.04340000,403.80000000,0.0544
1749266659,0.04320000,1065.00000000,0.0544
1749266960,0.05430000,126250.50000000,0.0544
1749266960,0.05420000,933370.10000000,0.0544
1749266960,0.05410000,542628.80000000,0.0544
1749266960,0.05400000,322547.00000000,0.0544
1749266960,0.05390000,109338.50000000,0.0544
1749266960,0.05380000,234315.60000000,0.0544
1749266960,0.05370000,69434.60000000,0.0544
1749266960,0.05360000,71863.60000000,0.0544
1749266960,0.05350000,100788.70000000,0.0544
1749266960,0.05340000,391418.90000000,0.0544
1749266960,0.05330000,347091.90000000,0.0544
1749266960,0.05320000,390391.50000000,0.0544
1749266960,0.05310000,486457.00000000,0.0544
1749266960,0.05300000,347646.80000000,0.0544
1749266960,0.05290000,24089.50000000,0.0544
1749266960,0.05280000,49537.80000000,0.0544
1749266960,0.05270000,16207.90000000,0.0544
1749266960,0.05260000,47780.70000000,0.0544
1749266960,0.05250000,22620.70000000,0.0544
1749266960,0.05240000,22440.90000000,0.0544
1749266960,0.05230000,22300.50000000,0.0544
1749266960,0.05220000,26516.30000000,0.0544
1749266960,0.05210000,22300.50000000,0.0544
1749266960,0.05200000,43495.70000000,0.0544
1749266960,0.05190000,22416.10000000,0.0544
1749266960,0.05180000,22480.60000000,0.0544
1749266960,0.05170000,23138.50000000,0.0544
1749266960,0.05160000,36840.10000000,0.0544
1749266960,0.05150000,43073.80000000,0.0544
1749266960,0.05140000,22846.00000000,0.0544
1749266960,0.05130000,32311.50000000,0.0544
1749266960,0.05120000,1403.90000000,0.0544
1749266960,0.05110000,18622.00000000,0.0544
1749266960,0.05100000,80298.50000000,0.0544
1749266960,0.05090000,17726.40000000,0.0544
1749266960,0.05080000,23586.20000000,0.0544
1749266960,0.05070000,18183.50000000,0.0544
1749266960,0.05060000,13626.80000000,0.0544
1749266960,0.05050000,57259.60000000,0.0544
1749266960,0.05040000,35700.90000000,0.0544
1749266960,0.05030000,2846.60000000,0.0544
1749266960,0.05020000,13585.80000000,0.0544
1749266960,0.05010000,116126.70000000,0.0544
1749266960,0.05000000,386907.60000000,0.0544
1749266960,0.04990000,13313.30000000,0.0544
1749266960,0.04980000,298.10000000,0.0544
1749266960,0.04970000,500.70000000,0.0544
1749266960,0.04960000,188.80000000,0.0544
1749266960,0.04950000,4663.10000000,0.0544
1749266960,0.04940000,869.30000000,0.0544
1749266960,0.04930000,2313.00000000,0.0544
1749266960,0.04920000,801.90000000,0.0544
1749266960,0.04910000,188.80000000,0.0544
1749266960,0.04900000,60408.00000000,0.0544
1749266960,0.04890000,1460.60000000,0.0544
1749266960,0.04880000,652.10000000,0.0544
1749266960,0.04870000,821.30000000,0.0544
1749266960,0.04860000,11321.80000000,0.0544
1749266960,0.04850000,4989.20000000,0.0544
1749266960,0.04840000,3099.10000000,0.0544
1749266960,0.04830000,180.10000000,0.0544
1749266960,0.04820000,2870.60000000,0.0544
1749266960,0.04810000,582.00000000,0.0544
1749266960,0.04800000,112782.30000000,0.0544
1749266960,0.04770000,3770.80000000,0.0544
1749266960,0.04760000,180.10000000,0.0544
1749266960,0.04750000,43605.90000000,0.0544
1749266960,0.04720000,1329.60000000,0.0544
1749266960,0.04710000,5869.30000000,0.0544
1749266960,0.04700000,192421.80000000,0.0544
1749266960,0.04690000,96319.10000000,0.0544
1749266960,0.04680000,31121.70000000,0.0544
1749266960,0.04660000,4913.20000000,0.0544
1749266960,0.04650000,838.00000000,0.0544
1749266960,0.04640000,358.00000000,0.0544
1749266960,0.04630000,15612.70000000,0.0544
1749266960,0.04620000,180.10000000,0.0544
1749266960,0.04610000,23982.50000000,0.0544
1749266960,0.04600000,248070.10000000,0.0544
1749266960,0.04590000,587.40000000,0.0544
1749266960,0.04560000,8889.50000000,0.0544
1749266960,0.04550000,3478.40000000,0.0544
1749266960,0.04540000,5220.20000000,0.0544
1749266960,0.04530000,3195.30000000,0.0544
1749266960,0.04510000,1420.40000000,0.0544
1749266960,0.04500000,101304.90000000,0.0544
1749266960,0.04480000,13993.60000000,0.0544
1749266960,0.04470000,203.70000000,0.0544
1749266960,0.04460000,2855.90000000,0.0544
1749266960,0.04450000,70372.70000000,0.0544
1749266960,0.04440000,1560.20000000,0.0544
1749266960,0.04430000,2735.30000000,0.0544
1749266960,0.04420000,211.10000000,0.0544
1749266960,0.04410000,1018.10000000,0.0544
1749266960,0.04400000,55312.00000000,0.0544
1749266960,0.04380000,10227.30000000,0.0544
1749266960,0.04360000,2924.80000000,0.0544
1749266960,0.04350000,3183.90000000,0.0544
1749266960,0.04340000,403.80000000,0.0544
1749266960,0.04320000,1065.00000000,0.0544
1749267262,0.05430000,18674.90000000,0.0543
1749267262,0.05420000,475428.60000000,0.0543
1749267262,0.05410000,764854.30000000,0.0543
1749267262,0.05400000,350990.90000000,0.0543
1749267262,0.05390000,157175.30000000,0.0543
1749267262,0.05380000,253906.50000000,0.0543
1749267262,0.05370000,69434.60000000,0.0543
1749267262,0.05360000,71863.60000000,0.0543
1749267262,0.05350000,124604.80000000,0.0543
1749267262,0.05340000,68883.10000000,0.0543
1749267262,0.05330000,347279.50000000,0.0543
1749267262,0.05320000,390391.50000000,0.0543
1749267262,0.05310000,486457.00000000,0.0543
1749267262,0.05300000,347646.80000000,0.0543
1749267262,0.05290000,349296.50000000,0.0543
1749267262,0.05280000,49537.80000000,0.0543
1749267262,0.05270000,16207.90000000,0.0543
1749267262,0.05260000,47780.70000000,0.0543
1749267262,0.05250000,22811.10000000,0.0543
1749267262,0.05240000,22440.90000000,0.0543
1749267262,0.05230000,22300.50000000,0.0543
1749267262,0.05220000,23138.50000000,0.0543
1749267262,0.05210000,25684.50000000,0.0543
1749267262,0.05200000,42564.00000000,0.0543
1749267262,0.05190000,23349.60000000,0.0543
1749267262,0.05180000,22480.60000000,0.0543
1749267262,0.05170000,23138.50000000,0.0543
1749267262,0.05160000,36840.10000000,0.0543
1749267262,0.05150000,43073.80000000,0.0543
1749267262,0.05140000,22846.00000000,0.0543
1749267262,0.05130000,32311.50000000,0.0543
1749267262,0.05120000,1403.90000000,0.0543
1749267262,0.05110000,18574.60000000,0.0543
1749267262,0.05100000,80277.20000000,0.0543
1749267262,0.05090000,17645.80000000,0.0543
1749267262,0.05080000,23586.20000000,0.0543
1749267262,0.05070000,13464.00000000,0.0543
1749267262,0.05060000,13626.80000000,0.0543
1749267262,0.05050000,57259.60000000,0.0543
1749267262,0.05040000,35700.90000000,0.0543
1749267262,0.05030000,2846.60000000,0.0543
1749267262,0.05020000,13585.80000000,0.0543
1749267262,0.05010000,120877.70000000,0.0543
1749267262,0.05000000,386907.60000000,0.0543
1749267262,0.04990000,13313.30000000,0.0543
1749267262,0.04980000,298.10000000,0.0543
1749267262,0.04970000,500.70000000,0.0543
1749267262,0.04960000,188.80000000,0.0543
1749267262,0.04950000,4663.10000000,0.0543
1749267262,0.04940000,869.30000000,0.0543
1749267262,0.04930000,2313.00000000,0.0543
1749267262,0.04920000,801.90000000,0.0543
1749267262,0.04910000,188.80000000,0.0543
1749267262,0.04900000,60408.00000000,0.0543
1749267262,0.04890000,1460.60000000,0.0543
1749267262,0.04880000,652.10000000,0.0543
1749267262,0.04870000,821.30000000,0.0543
1749267262,0.04860000,11321.80000000,0.0543
1749267262,0.04850000,4989.20000000,0.0543
1749267262,0.04840000,3099.10000000,0.0543
1749267262,0.04830000,180.10000000,0.0543
1749267262,0.04820000,2870.60000000,0.0543
1749267262,0.04810000,582.00000000,0.0543
1749267262,0.04800000,112782.30000000,0.0543
1749267262,0.04770000,3770.80000000,0.0543
1749267262,0.04760000,180.10000000,0.0543
1749267262,0.04750000,43605.90000000,0.0543
1749267262,0.04720000,1329.60000000,0.0543
1749267262,0.04710000,5869.30000000,0.0543
1749267262,0.04700000,192421.80000000,0.0543
1749267262,0.04690000,96319.10000000,0.0543
1749267262,0.04680000,31121.70000000,0.0543
1749267262,0.04660000,4913.20000000,0.0543
1749267262,0.04650000,838.00000000,0.0543
1749267262,0.04640000,358.00000000,0.0543
1749267262,0.04630000,15612.70000000,0.0543
1749267262,0.04620000,180.10000000,0.0543
1749267262,0.04610000,23982.50000000,0.0543
1749267262,0.04600000,248070.10000000,0.0543
1749267262,0.04590000,587.40000000,0.0543
1749267262,0.04560000,8889.50000000,0.0543
1749267262,0.04550000,3478.40000000,0.0543
1749267262,0.04540000,5220.20000000,0.0543
1749267262,0.04530000,3195.30000000,0.0543
1749267262,0.04510000,1420.40000000,0.0543
1749267262,0.04500000,101304.90000000,0.0543
1749267262,0.04480000,13993.60000000,0.0543
1749267262,0.04470000,203.70000000,0.0543
1749267262,0.04460000,2855.90000000,0.0543
1749267262,0.04450000,70372.70000000,0.0543
1749267262,0.04440000,1560.20000000,0.0543
1749267262,0.04430000,2735.30000000,0.0543
1749267262,0.04420000,211.10000000,0.0543
1749267262,0.04410000,1018.10000000,0.0543
1749267262,0.04400000,55312.00000000,0.0543
1749267262,0.04380000,10227.30000000,0.0543
1749267262,0.04360000,2924.80000000,0.0543
1749267262,0.04350000,3183.90000000,0.0543
1749267262,0.04340000,403.80000000,0.0543
1749267262,0.04320000,1065.00000000,0.0543
1749267563,0.05440000,71815.40000000,0.0544
1749267563,0.05430000,556277.80000000,0.0544
1749267563,0.05420000,428734.20000000,0.0544
1749267563,0.05410000,468060.00000000,0.0544
1749267563,0.05400000,252530.50000000,0.0544
1749267563,0.05390000,88403.10000000,0.0544
1749267563,0.05380000,212123.30000000,0.0544
1749267563,0.05370000,69434.60000000,0.0544
1749267563,0.05360000,71863.60000000,0.0544
1749267563,0.05350000,96632.30000000,0.0544
1749267563,0.05340000,436095.50000000,0.0544
1749267563,0.05330000,347279.50000000,0.0544
1749267563,0.05320000,369037.40000000,0.0544
1749267563,0.05310000,486457.00000000,0.0544
1749267563,0.05300000,347646.80000000,0.0544
1749267563,0.05290000,24089.50000000,0.0544
1749267563,0.05280000,49537.80000000,0.0544
1749267563,0.05270000,16207.90000000,0.0544
1749267563,0.05260000,47780.70000000,0.0544
1749267563,0.05250000,22811.10000000,0.0544
1749267563,0.05240000,35546.20000000,0.0544
1749267563,0.05230000,27971.80000000,0.0544
1749267563,0.05220000,23138.50000000,0.0544
1749267563,0.05210000,23230.40000000,0.0544
1749267563,0.05200000,42564.00000000,0.0544
1749267563,0.05190000,22416.10000000,0.0544
1749267563,0.05180000,22480.60000000,0.0544
1749267563,0.05170000,23138.50000000,0.0544
1749267563,0.05160000,23734.80000000,0.0544
1749267563,0.05150000,43073.80000000,0.0544
1749267563,0.05140000,22846.00000000,0.0544
1749267563,0.05130000,32311.50000000,0.0544
1749267563,0.05120000,1403.90000000,0.0544
1749267563,0.05110000,18611.50000000,0.0544
1749267563,0.05100000,80277.20000000,0.0544
1749267563,0.05090000,17737.10000000,0.0544
1749267563,0.05080000,23586.20000000,0.0544
1749267563,0.05070000,13464.00000000,0.0544
1749267563,0.05060000,13626.80000000,0.0544
1749267563,0.05050000,57259.60000000,0.0544
1749267563,0.05040000,35700.90000000,0.0544
1749267563,0.05030000,2846.60000000,0.0544
1749267563,0.05020000,13585.80000000,0.0544
1749267563,0.05010000,120802.00000000,0.0544
1749267563,0.05000000,386907.60000000,0.0544
1749267563,0.04990000,13313.30000000,0.0544
1749267563,0.04980000,298.10000000,0.0544
1749267563,0.04970000,500.70000000,0.0544
