timestamp,price,volume,current_price
1749254728,0.05290000,49692.60000000,0.0529
1749254728,0.05280000,322226.40000000,0.0529
1749254728,0.05270000,550817.00000000,0.0529
1749254728,0.05260000,425371.70000000,0.0529
1749254728,0.05250000,392578.10000000,0.0529
1749254728,0.05240000,204990.30000000,0.0529
1749254728,0.05230000,271737.60000000,0.0529
1749254728,0.05220000,222890.40000000,0.0529
1749254728,0.05210000,267267.80000000,0.0529
1749254728,0.05200000,98817.00000000,0.0529
1749254728,0.05190000,112253.80000000,0.0529
1749254728,0.05180000,138483.20000000,0.0529
1749254728,0.05170000,245675.60000000,0.0529
1749254728,0.05160000,245692.00000000,0.0529
1749254728,0.05150000,48962.20000000,0.0529
1749254728,0.05140000,22991.60000000,0.0529
1749254728,0.05130000,51950.30000000,0.0529
1749254728,0.05120000,1406.00000000,0.0529
1749254728,0.05110000,39725.30000000,0.0529
1749254728,0.05100000,46985.70000000,0.0529
1749254728,0.05090000,3995.80000000,0.0529
1749254728,0.05080000,26418.40000000,0.0529
1749254728,0.05070000,31062.70000000,0.0529
1749254728,0.05060000,1169.80000000,0.0529
1749254728,0.05050000,58362.00000000,0.0529
1749254728,0.05040000,35843.90000000,0.0529
1749254728,0.05030000,2989.90000000,0.0529
1749254728,0.05020000,13585.80000000,0.0529
1749254728,0.05010000,125773.50000000,0.0529
1749254728,0.05000000,405367.90000000,0.0529
1749254728,0.04990000,26113.80000000,0.0529
1749254728,0.04980000,12898.10000000,0.0529
1749254728,0.04970000,500.70000000,0.0529
1749254728,0.04960000,12788.80000000,0.0529
1749254728,0.04950000,4663.10000000,0.0529
1749254728,0.04940000,666.80000000,0.0529
1749254728,0.04930000,14913.00000000,0.0529
1749254728,0.04920000,801.90000000,0.0529
1749254728,0.04910000,12788.80000000,0.0529
1749254728,0.04900000,83751.50000000,0.0529
1749254728,0.04890000,311.40000000,0.0529
1749254728,0.04880000,3193.10000000,0.0529
1749254728,0.04870000,13610.10000000,0.0529
1749254728,0.04860000,24110.60000000,0.0529
1749254728,0.04850000,17778.00000000,0.0529
1749254728,0.04840000,3287.90000000,0.0529
1749254728,0.04830000,12968.90000000,0.0529
1749254728,0.04820000,3059.40000000,0.0529
1749254728,0.04810000,770.80000000,0.0529
1749254728,0.04800000,112971.10000000,0.0529
1749254728,0.04790000,188.80000000,0.0529
1749254728,0.04780000,188.80000000,0.0529
1749254728,0.04770000,3959.30000000,0.0529
1749254728,0.04760000,1742.60000000,0.0529
1749254728,0.04750000,44064.70000000,0.0529
1749254728,0.04720000,1329.60000000,0.0529
1749254728,0.04710000,5869.30000000,0.0529
1749254728,0.04700000,192421.80000000,0.0529
1749254728,0.04690000,96319.10000000,0.0529
1749254728,0.04680000,31121.70000000,0.0529
1749254728,0.04660000,4913.20000000,0.0529
1749254728,0.04650000,838.00000000,0.0529
1749254728,0.04640000,358.00000000,0.0529
1749254728,0.04630000,15612.70000000,0.0529
1749254728,0.04620000,180.10000000,0.0529
1749254728,0.04610000,23982.50000000,0.0529
1749254728,0.04600000,248070.10000000,0.0529
1749254728,0.04590000,587.40000000,0.0529
1749254728,0.04560000,8889.50000000,0.0529
1749254728,0.04550000,3478.40000000,0.0529
1749254728,0.04540000,5220.20000000,0.0529
1749254728,0.04530000,3195.30000000,0.0529
1749254728,0.04510000,1420.40000000,0.0529
1749254728,0.04500000,101304.90000000,0.0529
1749254728,0.04480000,13993.60000000,0.0529
1749254728,0.04470000,203.70000000,0.0529
1749254728,0.04460000,2855.90000000,0.0529
1749254728,0.04450000,70372.70000000,0.0529
1749254728,0.04440000,1560.20000000,0.0529
1749254728,0.04430000,2735.30000000,0.0529
1749254728,0.04420000,211.10000000,0.0529
1749254728,0.04410000,1018.10000000,0.0529
1749254728,0.04400000,55312.00000000,0.0529
1749254728,0.04380000,10227.30000000,0.0529
1749254728,0.04360000,1058.50000000,0.0529
1749254728,0.04350000,3183.90000000,0.0529
1749254728,0.04340000,403.80000000,0.0529
1749254728,0.04320000,1065.00000000,0.0529
1749254728,0.04310000,1000.00000000,0.0529
1749254728,0.04300000,26788.10000000,0.0529
1749254728,0.04290000,2366.40000000,0.0529
1749254728,0.04280000,233.80000000,0.0529
1749254728,0.04270000,1205.40000000,0.0529
1749254728,0.04260000,237.30000000,0.0529
1749254728,0.04250000,16244.60000000,0.0529
1749254728,0.04240000,240.90000000,0.0529
1749254728,0.04230000,3825.30000000,0.0529
1749254728,0.04220000,244.50000000,0.0529
1749254728,0.04210000,1005.00000000,0.0529
1749254728,0.04200000,18425.00000000,0.0529
1749255053,0.05290000,111502.60000000,0.0529
1749255053,0.05280000,415754.90000000,0.0529
1749255053,0.05270000,627622.70000000,0.0529
1749255053,0.05260000,340945.60000000,0.0529
1749255053,0.05250000,472985.40000000,0.0529
1749255053,0.05240000,193960.00000000,0.0529
1749255053,0.05230000,264404.50000000,0.0529
1749255053,0.05220000,222889.50000000,0.0529
1749255053,0.05210000,101118.10000000,0.0529
1749255053,0.05200000,98898.30000000,0.0529
1749255053,0.05190000,111799.60000000,0.0529
1749255053,0.05180000,138483.20000000,0.0529
1749255053,0.05170000,245675.60000000,0.0529
1749255053,0.05160000,245692.00000000,0.0529
1749255053,0.05150000,48962.20000000,0.0529
1749255053,0.05140000,22991.60000000,0.0529
1749255053,0.05130000,51950.30000000,0.0529
1749255053,0.05120000,1406.00000000,0.0529
1749255053,0.05110000,39725.30000000,0.0529
1749255053,0.05100000,46985.70000000,0.0529
1749255053,0.05090000,3995.80000000,0.0529
1749255053,0.05080000,26418.40000000,0.0529
1749255053,0.05070000,27204.10000000,0.0529
1749255053,0.05060000,1169.80000000,0.0529
1749255053,0.05050000,57402.60000000,0.0529
1749255053,0.05040000,35843.90000000,0.0529
1749255053,0.05030000,2989.90000000,0.0529
1749255053,0.05020000,13585.80000000,0.0529
1749255053,0.05010000,125867.00000000,0.0529
1749255053,0.05000000,405350.10000000,0.0529
1749255053,0.04990000,30684.50000000,0.0529
1749255053,0.04980000,12898.10000000,0.0529
1749255053,0.04970000,702.00000000,0.0529
1749255053,0.04960000,12788.80000000,0.0529
1749255053,0.04950000,4663.10000000,0.0529
1749255053,0.04940000,666.80000000,0.0529
1749255053,0.04930000,14913.00000000,0.0529
1749255053,0.04920000,801.90000000,0.0529
1749255053,0.04910000,12788.80000000,0.0529
1749255053,0.04900000,83751.50000000,0.0529
1749255053,0.04890000,311.40000000,0.0529
1749255053,0.04880000,3193.10000000,0.0529
1749255053,0.04870000,13610.10000000,0.0529
1749255053,0.04860000,24110.60000000,0.0529
1749255053,0.04850000,17778.00000000,0.0529
1749255053,0.04840000,3287.90000000,0.0529
1749255053,0.04830000,12968.90000000,0.0529
1749255053,0.04820000,3059.40000000,0.0529
1749255053,0.04810000,770.80000000,0.0529
1749255053,0.04800000,112971.10000000,0.0529
1749255053,0.04790000,188.80000000,0.0529
1749255053,0.04780000,188.80000000,0.0529
1749255053,0.04770000,3959.30000000,0.0529
1749255053,0.04760000,1742.60000000,0.0529
1749255053,0.04750000,44064.70000000,0.0529
1749255053,0.04720000,1329.60000000,0.0529
1749255053,0.04710000,5869.30000000,0.0529
1749255053,0.04700000,192421.80000000,0.0529
1749255053,0.04690000,96319.10000000,0.0529
1749255053,0.04680000,31121.70000000,0.0529
1749255053,0.04660000,4913.20000000,0.0529
1749255053,0.04650000,838.00000000,0.0529
1749255053,0.04640000,358.00000000,0.0529
1749255053,0.04630000,15612.70000000,0.0529
1749255053,0.04620000,180.10000000,0.0529
1749255053,0.04610000,23982.50000000,0.0529
1749255053,0.04600000,248070.10000000,0.0529
1749255053,0.04590000,587.40000000,0.0529
1749255053,0.04560000,8889.50000000,0.0529
1749255053,0.04550000,3478.40000000,0.0529
1749255053,0.04540000,5220.20000000,0.0529
1749255053,0.04530000,3195.30000000,0.0529
1749255053,0.04510000,1420.40000000,0.0529
1749255053,0.04500000,101304.90000000,0.0529
1749255053,0.04480000,13993.60000000,0.0529
1749255053,0.04470000,203.70000000,0.0529
1749255053,0.04460000,2855.90000000,0.0529
1749255053,0.04450000,70372.70000000,0.0529
1749255053,0.04440000,1560.20000000,0.0529
1749255053,0.04430000,2735.30000000,0.0529
1749255053,0.04420000,211.10000000,0.0529
1749255053,0.04410000,2835.20000000,0.0529
1749255053,0.04400000,55312.00000000,0.0529
1749255053,0.04380000,10227.30000000,0.0529
1749255053,0.04360000,1058.50000000,0.0529
1749255053,0.04350000,3183.90000000,0.0529
1749255053,0.04340000,403.80000000,0.0529
1749255053,0.04320000,1065.00000000,0.0529
1749255053,0.04310000,1000.00000000,0.0529
1749255053,0.04300000,26788.10000000,0.0529
1749255053,0.04290000,2366.40000000,0.0529
1749255053,0.04280000,233.80000000,0.0529
1749255053,0.04270000,1205.40000000,0.0529
1749255053,0.04260000,237.30000000,0.0529
1749255053,0.04250000,16244.60000000,0.0529
1749255053,0.04240000,240.90000000,0.0529
1749255053,0.04230000,3825.30000000,0.0529
1749255053,0.04220000,244.50000000,0.0529
1749255053,0.04210000,1005.00000000,0.0529
1749255053,0.04200000,18425.00000000,0.0529
