timestamp,price,volume,current_price
1749258446,2.12900000,1413.91000000,2.129
1749258446,2.12800000,3084.08000000,2.129
1749258446,2.12700000,3786.11000000,2.129
1749258446,2.12600000,6566.70000000,2.129
1749258446,2.12500000,5243.24000000,2.129
1749258446,2.12400000,2894.02000000,2.129
1749258446,2.12300000,1659.91000000,2.129
1749258446,2.12200000,1100.67000000,2.129
1749258446,2.12100000,96735.29000000,2.129
1749258446,2.12000000,2960.18000000,2.129
1749258446,2.11900000,1270.62000000,2.129
1749258446,2.11800000,2423.87000000,2.129
1749258446,2.11700000,2090.64000000,2.129
1749258446,2.11600000,4642.19000000,2.129
1749258446,2.11500000,838.44000000,2.129
1749258446,2.11400000,159481.77000000,2.129
1749258446,2.11300000,838.51000000,2.129
1749258446,2.11200000,3260.84000000,2.129
1749258446,2.11100000,1972.63000000,2.129
1749258446,2.11000000,627.99000000,2.129
1749258446,2.10900000,2520.33000000,2.129
1749258446,2.10800000,601.40000000,2.129
1749258446,2.10700000,463.44000000,2.129
1749258446,2.10600000,3998.32000000,2.129
1749258446,2.10500000,463.45000000,2.129
1749258446,2.10400000,601.41000000,2.129
1749258446,2.10300000,3.57000000,2.129
1749258446,2.10200000,1714.78000000,2.129
1749258446,2.10100000,1267.86000000,2.129
1749258446,2.10000000,662.69000000,2.129
1749258446,2.09900000,463.46000000,2.129
1749258446,2.09800000,4015.17000000,2.129
1749258446,2.09700000,39858.38000000,2.129
1749258446,2.09600000,611.52000000,2.129
1749258446,2.09500000,463.46000000,2.129
1749258446,2.09400000,17219.37000000,2.129
1749258446,2.09300000,57144.88000000,2.129
1749258446,2.09200000,1944.91000000,2.129
1749258446,2.09100000,459.88000000,2.129
1749258446,2.09000000,459.88000000,2.129
1749258446,2.08900000,459.88000000,2.129
1749258446,2.08800000,459.88000000,2.129
1749258446,2.08700000,479.64000000,2.129
1749258446,2.08600000,459.88000000,2.129
1749258446,2.08500000,459.88000000,2.129
1749258446,2.08400000,459.88000000,2.129
1749258446,2.08300000,938.68000000,2.129
1749258446,2.08200000,459.88000000,2.129
1749258446,2.08100000,462.92000000,2.129
1749258446,2.08000000,4662.87000000,2.129
1749258446,2.07800000,263.46000000,2.129
1749258446,2.07700000,459.88000000,2.129
1749258446,2.07400000,694.52000000,2.129
1749258446,2.07200000,459.88000000,2.129
1749258446,2.07000000,664.03000000,2.129
1749258446,2.06900000,459.88000000,2.129
1749258446,2.06700000,462.94000000,2.129
1749258446,2.06500000,546.58000000,2.129
1749258446,2.06400000,459.88000000,2.129
1749258446,2.06200000,459.88000000,2.129
1749258446,2.06100000,9.70000000,2.129
1749258446,2.06000000,229.13000000,2.129
1749258446,2.05900000,462.79000000,2.129
1749258446,2.05500000,48.63000000,2.129
1749258446,2.05300000,313.64000000,2.129
1749258446,2.05200000,5.74000000,2.129
1749258446,2.05000000,24550.66000000,2.129
1749258446,2.04700000,50.00000000,2.129
1749258446,2.04400000,6.07000000,2.129
1749258446,2.04300000,28.25000000,2.129
1749258446,2.04000000,16.90000000,2.129
1749258446,2.03800000,969.36000000,2.129
1749258446,2.03600000,220.00000000,2.129
1749258446,2.03400000,263.37000000,2.129
1749258446,2.03300000,6.14000000,2.129
1749258446,2.03000000,71.50000000,2.129
1749258446,2.02900000,48.00000000,2.129
1749258446,2.02400000,3.12000000,2.129
1749258446,2.02300000,3903.93000000,2.129
1749258446,2.02200000,1265.42000000,2.129
1749258446,2.02100000,4.94000000,2.129
1749258446,2.02000000,297.34000000,2.129
1749258446,2.01800000,475.40000000,2.129
1749258446,2.01700000,2.97000000,2.129
1749258446,2.01600000,702.70000000,2.129
1749258446,2.01400000,466.90000000,2.129
1749258446,2.01200000,99.40000000,2.129
1749258446,2.01100000,11.25000000,2.129
1749258446,2.01000000,50292.27000000,2.129
1749258446,2.00900000,119.33000000,2.129
1749258446,2.00700000,264.20000000,2.129
1749258446,2.00500000,44.43000000,2.129
1749258446,2.00400000,3.50000000,2.129
1749258446,2.00100000,68.67000000,2.129
1749258446,2.00000000,12724.10000000,2.129
1749258446,1.99900000,225.11000000,2.129
1749258446,1.99600000,7.68000000,2.129
1749258446,1.99500000,20.05000000,2.129
1749258446,1.99400000,14.46000000,2.129
1749258446,1.99300000,2.68000000,2.129
1749258803,2.13200000,1325.95000000,2.132
1749258803,2.13100000,2365.17000000,2.132
1749258803,2.13000000,4719.12000000,2.132
1749258803,2.12900000,8982.65000000,2.132
1749258803,2.12800000,6798.07000000,2.132
1749258803,2.12700000,3882.39000000,2.132
1749258803,2.12600000,1346.91000000,2.132
1749258803,2.12500000,1252.71000000,2.132
1749258803,2.12400000,81013.02000000,2.132
1749258803,2.12300000,1115.87000000,2.132
1749258803,2.12200000,1321.16000000,2.132
1749258803,2.12100000,2026.21000000,2.132
1749258803,2.12000000,987.80000000,2.132
1749258803,2.11900000,2793.99000000,2.132
1749258803,2.11800000,4624.06000000,2.132
1749258803,2.11700000,838.24000000,2.132
1749258803,2.11600000,2526.81000000,2.132
1749258803,2.11500000,4711.85000000,2.132
1749258803,2.11400000,156409.02000000,2.132
1749258803,2.11300000,838.51000000,2.132
1749258803,2.11200000,843.88000000,2.132
1749258803,2.11100000,2197.63000000,2.132
1749258803,2.11000000,2883.84000000,2.132
1749258803,2.10900000,4097.43000000,2.132
1749258803,2.10800000,838.16000000,2.132
1749258803,2.10700000,688.44000000,2.132
1749258803,2.10600000,845.43000000,2.132
1749258803,2.10500000,1566.65000000,2.132
1749258803,2.10400000,2023.82000000,2.132
1749258803,2.10300000,3.57000000,2.132
1749258803,2.10200000,1939.78000000,2.132
1749258803,2.10100000,1492.86000000,2.132
1749258803,2.10000000,899.45000000,2.132
1749258803,2.09900000,463.46000000,2.132
1749258803,2.09800000,1944.25000000,2.132
1749258803,2.09700000,463.46000000,2.132
1749258803,2.09600000,623.28000000,2.132
1749258803,2.09500000,8445.51000000,2.132
1749258803,2.09400000,17219.37000000,2.132
1749258803,2.09300000,463.47000000,2.132
1749258803,2.09200000,471.64000000,2.132
1749258803,2.09100000,459.88000000,2.132
1749258803,2.09000000,459.88000000,2.132
1749258803,2.08900000,459.88000000,2.132
1749258803,2.08800000,459.88000000,2.132
1749258803,2.08700000,459.88000000,2.132
1749258803,2.08600000,459.88000000,2.132
1749258803,2.08500000,459.88000000,2.132
1749258803,2.08400000,459.88000000,2.132
1749258803,2.08300000,938.68000000,2.132
1749258803,2.08200000,983.99000000,2.132
1749258803,2.08100000,462.92000000,2.132
1749258803,2.08000000,3067.43000000,2.132
1749258803,2.07900000,1610.04000000,2.132
1749258803,2.07800000,263.46000000,2.132
1749258803,2.07700000,459.88000000,2.132
1749258803,2.07400000,694.52000000,2.132
1749258803,2.07200000,459.88000000,2.132
1749258803,2.07000000,664.03000000,2.132
1749258803,2.06900000,459.88000000,2.132
1749258803,2.06700000,462.94000000,2.132
1749258803,2.06600000,526.96000000,2.132
1749258803,2.06400000,459.88000000,2.132
1749258803,2.06200000,459.88000000,2.132
1749258803,2.06100000,9.70000000,2.132
1749258803,2.06000000,229.13000000,2.132
1749258803,2.05900000,2.91000000,2.132
1749258803,2.05500000,48.63000000,2.132
1749258803,2.05300000,313.64000000,2.132
1749258803,2.05200000,5.74000000,2.132
1749258803,2.05000000,24284.66000000,2.132
1749258803,2.04700000,50.00000000,2.132
1749258803,2.04400000,6.07000000,2.132
1749258803,2.04300000,28.25000000,2.132
1749258803,2.04000000,16.90000000,2.132
1749258803,2.03800000,969.36000000,2.132
1749258803,2.03600000,220.00000000,2.132
1749258803,2.03300000,6.14000000,2.132
1749258803,2.03000000,540.77000000,2.132
1749258803,2.02900000,48.00000000,2.132
1749258803,2.02400000,3.12000000,2.132
1749258803,2.02300000,3903.93000000,2.132
1749258803,2.02200000,1265.42000000,2.132
1749258803,2.02100000,4.94000000,2.132
1749258803,2.02000000,297.34000000,2.132
1749258803,2.01800000,475.40000000,2.132
1749258803,2.01700000,2.97000000,2.132
1749258803,2.01600000,702.70000000,2.132
1749258803,2.01200000,99.40000000,2.132
1749258803,2.01100000,11.25000000,2.132
1749258803,2.01000000,50292.27000000,2.132
1749258803,2.00900000,119.33000000,2.132
1749258803,2.00700000,264.20000000,2.132
1749258803,2.00500000,44.43000000,2.132
1749258803,2.00400000,3.50000000,2.132
1749258803,2.00100000,68.67000000,2.132
1749258803,2.00000000,12724.10000000,2.132
1749258803,1.99900000,225.11000000,2.132
1749258803,1.99600000,7.68000000,2.132
1749258803,1.99500000,20.05000000,2.132
1749259105,2.12300000,1728.57000000,2.123
1749259105,2.12200000,4126.48000000,2.123
1749259105,2.12100000,6105.85000000,2.123
1749259105,2.12000000,7161.33000000,2.123
1749259105,2.11900000,3699.70000000,2.123
1749259105,2.11800000,2694.68000000,2.123
1749259105,2.11700000,3041.49000000,2.123
1749259105,2.11600000,991.90000000,2.123
1749259105,2.11500000,3050.79000000,2.123
1749259105,2.11400000,102286.90000000,2.123
1749259105,2.11300000,958.63000000,2.123
1749259105,2.11200000,2537.54000000,2.123
1749259105,2.11100000,5475.85000000,2.123
1749259105,2.11000000,3787.02000000,2.123
1749259105,2.10900000,4317.40000000,2.123
1749259105,2.10800000,984.28000000,2.123
1749259105,2.10700000,688.44000000,2.123
1749259105,2.10600000,156958.47000000,2.123
1749259105,2.10500000,688.45000000,2.123
1749259105,2.10400000,838.17000000,2.123
1749259105,2.10300000,2496.14000000,2.123
1749259105,2.10200000,1939.78000000,2.123
1749259105,2.10100000,1098.40000000,2.123
1749259105,2.10000000,1770.08000000,2.123
1749259105,2.09900000,688.46000000,2.123
1749259105,2.09800000,2544.78000000,2.123
1749259105,2.09700000,688.46000000,2.123
1749259105,2.09600000,848.28000000,2.123
1749259105,2.09500000,859.04000000,2.123
1749259105,2.09400000,4830.24000000,2.123
1749259105,2.09300000,14743.62000000,2.123
1749259105,2.09200000,471.64000000,2.123
1749259105,2.09100000,459.88000000,2.123
1749259105,2.09000000,13468.56000000,2.123
1749259105,2.08900000,459.88000000,2.123
1749259105,2.08800000,30020.82000000,2.123
1749259105,2.08700000,459.88000000,2.123
1749259105,2.08600000,459.88000000,2.123
1749259105,2.08500000,459.88000000,2.123
1749259105,2.08400000,471.63000000,2.123
1749259105,2.08300000,938.68000000,2.123
1749259105,2.08200000,983.99000000,2.123
1749259105,2.08100000,3.04000000,2.123
1749259105,2.08000000,3067.43000000,2.123
1749259105,2.07900000,1610.04000000,2.123
1749259105,2.07800000,263.46000000,2.123
1749259105,2.07700000,459.88000000,2.123
1749259105,2.07400000,694.52000000,2.123
1749259105,2.07200000,459.88000000,2.123
1749259105,2.07000000,664.03000000,2.123
1749259105,2.06900000,459.88000000,2.123
1749259105,2.06700000,462.94000000,2.123
1749259105,2.06600000,526.96000000,2.123
1749259105,2.06400000,459.88000000,2.123
1749259105,2.06200000,459.88000000,2.123
1749259105,2.06100000,9.70000000,2.123
1749259105,2.06000000,229.13000000,2.123
1749259105,2.05900000,2.91000000,2.123
1749259105,2.05500000,48.63000000,2.123
1749259105,2.05300000,313.64000000,2.123
1749259105,2.05200000,5.74000000,2.123
1749259105,2.05000000,24284.66000000,2.123
1749259105,2.04700000,50.00000000,2.123
1749259105,2.04400000,6.07000000,2.123
1749259105,2.04300000,28.25000000,2.123
1749259105,2.04000000,16.90000000,2.123
1749259105,2.03800000,969.36000000,2.123
1749259105,2.03600000,220.00000000,2.123
1749259105,2.03300000,6.14000000,2.123
1749259105,2.03000000,71.50000000,2.123
1749259105,2.02900000,48.00000000,2.123
1749259105,2.02400000,3.12000000,2.123
1749259105,2.02300000,3903.93000000,2.123
1749259105,2.02200000,1265.42000000,2.123
1749259105,2.02100000,4.94000000,2.123
1749259105,2.02000000,297.34000000,2.123
1749259105,2.01800000,475.40000000,2.123
1749259105,2.01700000,2.97000000,2.123
1749259105,2.01600000,702.70000000,2.123
1749259105,2.01400000,469.67000000,2.123
1749259105,2.01200000,99.40000000,2.123
1749259105,2.01100000,11.25000000,2.123
1749259105,2.01000000,50292.27000000,2.123
1749259105,2.00900000,119.33000000,2.123
1749259105,2.00700000,264.20000000,2.123
1749259105,2.00500000,44.43000000,2.123
1749259105,2.00400000,3.50000000,2.123
1749259105,2.00100000,68.67000000,2.123
1749259105,2.00000000,12724.10000000,2.123
1749259105,1.99900000,225.11000000,2.123
1749259105,1.99600000,7.68000000,2.123
1749259105,1.99500000,20.05000000,2.123
1749259105,1.99400000,14.46000000,2.123
1749259105,1.99300000,2.68000000,2.123
1749259105,1.99000000,12.55000000,2.123
1749259105,1.98900000,6.42000000,2.123
1749259105,1.98200000,3.19000000,2.123
1749259105,1.98000000,35.25000000,2.123
1749259105,1.97800000,6.50000000,2.123
1749259105,1.97600000,5.06000000,2.123
