timestamp,price,volume,current_price
1749260834,2.12800000,1348.93000000,2.128
1749260834,2.12700000,3032.53000000,2.128
1749260834,2.12600000,4444.37000000,2.128
1749260834,2.12500000,4400.04000000,2.128
1749260834,2.12400000,7440.16000000,2.128
1749260834,2.12300000,2834.42000000,2.128
1749260834,2.12200000,2264.11000000,2.128
1749260834,2.12100000,807.94000000,2.128
1749260834,2.12000000,1447.32000000,2.128
1749260834,2.11900000,58865.05000000,2.128
1749260834,2.11800000,1304.62000000,2.128
1749260834,2.11700000,3303.83000000,2.128
1749260834,2.11600000,2338.62000000,2.128
1749260834,2.11500000,838.37000000,2.128
1749260834,2.11400000,2530.55000000,2.128
1749260834,2.11300000,838.51000000,2.128
1749260834,2.11200000,2989.92000000,2.128
1749260834,2.11100000,838.72000000,2.128
1749260834,2.11000000,161750.30000000,2.128
1749260834,2.10900000,2095.25000000,2.128
1749260834,2.10800000,829.95000000,2.128
1749260834,2.10700000,688.44000000,2.128
1749260834,2.10600000,3093.97000000,2.128
1749260834,2.10500000,2656.43000000,2.128
1749260834,2.10400000,826.41000000,2.128
1749260834,2.10300000,2176.46000000,2.128
1749260834,2.10200000,1305.10000000,2.128
1749260834,2.10100000,1275.80000000,2.128
1749260834,2.10000000,662.68000000,2.128
1749260834,2.09900000,1594.43000000,2.128
1749260834,2.09800000,601.42000000,2.128
1749260834,2.09700000,463.46000000,2.128
1749260834,2.09600000,611.52000000,2.128
1749260834,2.09500000,463.46000000,2.128
1749260834,2.09400000,9936.99000000,2.128
1749260834,2.09300000,1790.98000000,2.128
1749260834,2.09200000,3877.19000000,2.128
1749260834,2.09100000,32927.64000000,2.128
1749260834,2.09000000,1276.51000000,2.128
1749260834,2.08900000,459.88000000,2.128
1749260834,2.08800000,5046.71000000,2.128
1749260834,2.08700000,459.88000000,2.128
1749260834,2.08600000,459.88000000,2.128
1749260834,2.08500000,459.88000000,2.128
1749260834,2.08400000,459.88000000,2.128
1749260834,2.08300000,938.68000000,2.128
1749260834,2.08200000,459.88000000,2.128
1749260834,2.08100000,3.04000000,2.128
1749260834,2.08000000,3067.43000000,2.128
1749260834,2.07800000,263.46000000,2.128
1749260834,2.07700000,995.92000000,2.128
1749260834,2.07400000,694.52000000,2.128
1749260834,2.07200000,459.88000000,2.128
1749260834,2.07000000,664.03000000,2.128
1749260834,2.06900000,2056.33000000,2.128
1749260834,2.06700000,462.94000000,2.128
1749260834,2.06400000,459.88000000,2.128
1749260834,2.06200000,459.88000000,2.128
1749260834,2.06100000,549.35000000,2.128
1749260834,2.06000000,229.13000000,2.128
1749260834,2.05900000,2.91000000,2.128
1749260834,2.05500000,48.63000000,2.128
1749260834,2.05300000,255.53000000,2.128
1749260834,2.05200000,5.74000000,2.128
1749260834,2.05000000,24013.33000000,2.128
1749260834,2.04700000,50.00000000,2.128
1749260834,2.04500000,268.32000000,2.128
1749260834,2.04400000,6.07000000,2.128
1749260834,2.04300000,28.25000000,2.128
1749260834,2.04000000,16.90000000,2.128
1749260834,2.03800000,969.36000000,2.128
1749260834,2.03600000,220.00000000,2.128
1749260834,2.03300000,6.14000000,2.128
1749260834,2.03000000,71.50000000,2.128
1749260834,2.02900000,48.00000000,2.128
1749260834,2.02400000,3.12000000,2.128
1749260834,2.02300000,3903.93000000,2.128
1749260834,2.02200000,1266.56000000,2.128
1749260834,2.02100000,4.94000000,2.128
1749260834,2.02000000,297.34000000,2.128
1749260834,2.01800000,474.41000000,2.128
1749260834,2.01700000,2.97000000,2.128
1749260834,2.01600000,702.70000000,2.128
1749260834,2.01400000,479.52000000,2.128
1749260834,2.01200000,99.40000000,2.128
1749260834,2.01100000,11.25000000,2.128
1749260834,2.01000000,50292.27000000,2.128
1749260834,2.00900000,119.33000000,2.128
1749260834,2.00700000,264.20000000,2.128
1749260834,2.00500000,44.43000000,2.128
1749260834,2.00400000,3.50000000,2.128
1749260834,2.00100000,68.67000000,2.128
1749260834,2.00000000,12724.10000000,2.128
1749260834,1.99900000,225.11000000,2.128
1749260834,1.99600000,7.68000000,2.128
1749260834,1.99500000,20.05000000,2.128
1749260834,1.99400000,14.46000000,2.128
1749260834,1.99300000,2.68000000,2.128
1749260834,1.99000000,12.55000000,2.128
1749260834,1.98900000,6.42000000,2.128
1749261160,2.12700000,2517.14000000,2.127
1749261160,2.12600000,3237.19000000,2.127
1749261160,2.12500000,5876.34000000,2.127
1749261160,2.12400000,6854.86000000,2.127
1749261160,2.12300000,3808.52000000,2.127
1749261160,2.12200000,2736.90000000,2.127
1749261160,2.12100000,1858.37000000,2.127
1749261160,2.12000000,2638.28000000,2.127
1749261160,2.11900000,95400.55000000,2.127
1749261160,2.11800000,3426.81000000,2.127
1749261160,2.11700000,3303.03000000,2.127
1749261160,2.11600000,4080.32000000,2.127
1749261160,2.11500000,838.37000000,2.127
1749261160,2.11400000,3653.28000000,2.127
1749261160,2.11300000,1537.65000000,2.127
1749261160,2.11200000,1835.85000000,2.127
1749261160,2.11100000,688.44000000,2.127
1749261160,2.11000000,161525.27000000,2.127
1749261160,2.10900000,1497.71000000,2.127
1749261160,2.10800000,826.40000000,2.127
1749261160,2.10700000,688.44000000,2.127
1749261160,2.10600000,826.40000000,2.127
1749261160,2.10500000,2725.64000000,2.127
1749261160,2.10400000,826.41000000,2.127
1749261160,2.10300000,22.00000000,2.127
1749261160,2.10200000,601.41000000,2.127
1749261160,2.10100000,463.45000000,2.127
1749261160,2.10000000,601.41000000,2.127
1749261160,2.09900000,463.46000000,2.127
1749261160,2.09800000,601.42000000,2.127
1749261160,2.09700000,463.46000000,2.127
1749261160,2.09600000,611.52000000,2.127
1749261160,2.09500000,3877.21000000,2.127
1749261160,2.09400000,14505.29000000,2.127
1749261160,2.09300000,1790.98000000,2.127
1749261160,2.09200000,26250.79000000,2.127
1749261160,2.09100000,459.88000000,2.127
1749261160,2.09000000,459.88000000,2.127
1749261160,2.08900000,459.88000000,2.127
1749261160,2.08800000,459.88000000,2.127
1749261160,2.08700000,459.88000000,2.127
1749261160,2.08600000,459.88000000,2.127
1749261160,2.08500000,459.88000000,2.127
1749261160,2.08400000,459.88000000,2.127
1749261160,2.08300000,938.68000000,2.127
1749261160,2.08200000,459.88000000,2.127
1749261160,2.08100000,3.04000000,2.127
1749261160,2.08000000,3067.43000000,2.127
1749261160,2.07900000,1597.70000000,2.127
1749261160,2.07800000,263.46000000,2.127
1749261160,2.07700000,995.92000000,2.127
1749261160,2.07400000,694.52000000,2.127
1749261160,2.07200000,459.88000000,2.127
1749261160,2.07000000,664.03000000,2.127
1749261160,2.06900000,459.88000000,2.127
1749261160,2.06700000,462.94000000,2.127
1749261160,2.06400000,459.88000000,2.127
1749261160,2.06100000,549.35000000,2.127
1749261160,2.06000000,229.13000000,2.127
1749261160,2.05900000,2.91000000,2.127
1749261160,2.05500000,48.63000000,2.127
1749261160,2.05300000,255.53000000,2.127
1749261160,2.05200000,5.74000000,2.127
1749261160,2.05000000,24013.33000000,2.127
1749261160,2.04700000,50.00000000,2.127
1749261160,2.04500000,268.32000000,2.127
1749261160,2.04400000,6.07000000,2.127
1749261160,2.04300000,28.25000000,2.127
1749261160,2.04000000,16.90000000,2.127
1749261160,2.03800000,969.36000000,2.127
1749261160,2.03600000,220.00000000,2.127
1749261160,2.03300000,6.14000000,2.127
1749261160,2.03000000,71.50000000,2.127
1749261160,2.02900000,48.00000000,2.127
1749261160,2.02400000,3.12000000,2.127
1749261160,2.02300000,3903.93000000,2.127
1749261160,2.02200000,1266.56000000,2.127
1749261160,2.02100000,4.94000000,2.127
1749261160,2.02000000,297.34000000,2.127
1749261160,2.01800000,474.41000000,2.127
1749261160,2.01700000,2.97000000,2.127
1749261160,2.01600000,702.70000000,2.127
1749261160,2.01400000,469.83000000,2.127
1749261160,2.01200000,99.40000000,2.127
1749261160,2.01100000,11.25000000,2.127
1749261160,2.01000000,50292.27000000,2.127
1749261160,2.00900000,119.33000000,2.127
1749261160,2.00700000,264.20000000,2.127
1749261160,2.00500000,44.43000000,2.127
1749261160,2.00400000,3.50000000,2.127
1749261160,2.00100000,68.67000000,2.127
1749261160,2.00000000,12724.10000000,2.127
1749261160,1.99900000,225.11000000,2.127
1749261160,1.99600000,7.68000000,2.127
1749261160,1.99500000,20.05000000,2.127
1749261160,1.99400000,14.46000000,2.127
1749261160,1.99300000,2.68000000,2.127
1749261160,1.99000000,12.55000000,2.127
1749261160,1.98900000,6.42000000,2.127
1749261160,1.98200000,3.19000000,2.127
1749261475,2.13100000,1853.99000000,2.131
1749261475,2.13000000,2859.24000000,2.131
1749261475,2.12900000,5357.70000000,2.131
1749261475,2.12800000,5612.41000000,2.131
1749261475,2.12700000,4417.73000000,2.131
1749261475,2.12600000,4086.75000000,2.131
1749261475,2.12500000,1738.22000000,2.131
1749261475,2.12400000,1409.02000000,2.131
1749261475,2.12300000,70959.27000000,2.131
1749261475,2.12200000,2370.40000000,2.131
1749261475,2.12100000,2361.62000000,2.131
1749261475,2.12000000,2910.44000000,2.131
1749261475,2.11900000,838.15000000,2.131
1749261475,2.11800000,3083.03000000,2.131
1749261475,2.11700000,838.30000000,2.131
1749261475,2.11600000,2515.17000000,2.131
1749261475,2.11500000,838.37000000,2.131
1749261475,2.11400000,159771.30000000,2.131
1749261475,2.11300000,5059.99000000,2.131
1749261475,2.11200000,1835.85000000,2.131
1749261475,2.11100000,688.44000000,2.131
1749261475,2.11000000,3014.16000000,2.131
1749261475,2.10900000,1497.71000000,2.131
1749261475,2.10800000,826.40000000,2.131
1749261475,2.10700000,688.44000000,2.131
1749261475,2.10600000,826.40000000,2.131
1749261475,2.10500000,2725.64000000,2.131
1749261475,2.10400000,826.41000000,2.131
1749261475,2.10300000,22.00000000,2.131
1749261475,2.10200000,601.41000000,2.131
1749261475,2.10100000,463.45000000,2.131
1749261475,2.10000000,4015.16000000,2.131
1749261475,2.09900000,36425.39000000,2.131
1749261475,2.09800000,601.42000000,2.131
1749261475,2.09700000,463.46000000,2.131
1749261475,2.09600000,611.52000000,2.131
1749261475,2.09500000,5031.76000000,2.131
1749261475,2.09400000,9936.99000000,2.131
1749261475,2.09300000,1790.98000000,2.131
1749261475,2.09200000,1275.73000000,2.131
1749261475,2.09100000,459.88000000,2.131
1749261475,2.09000000,459.88000000,2.131
1749261475,2.08900000,459.88000000,2.131
1749261475,2.08800000,459.88000000,2.131
1749261475,2.08700000,459.88000000,2.131
1749261475,2.08600000,459.88000000,2.131
1749261475,2.08500000,459.88000000,2.131
1749261475,2.08400000,459.88000000,2.131
1749261475,2.08300000,938.68000000,2.131
1749261475,2.08200000,459.88000000,2.131
1749261475,2.08100000,3.04000000,2.131
1749261475,2.08000000,3067.43000000,2.131
1749261475,2.07900000,1597.70000000,2.131
1749261475,2.07800000,263.46000000,2.131
1749261475,2.07700000,995.92000000,2.131
1749261475,2.07400000,694.52000000,2.131
1749261475,2.07200000,459.88000000,2.131
1749261475,2.07000000,664.03000000,2.131
1749261475,2.06900000,459.88000000,2.131
1749261475,2.06700000,462.94000000,2.131
1749261475,2.06400000,459.88000000,2.131
1749261475,2.06100000,549.35000000,2.131
1749261475,2.06000000,229.13000000,2.131
1749261475,2.05900000,2.91000000,2.131
1749261475,2.05500000,48.63000000,2.131
1749261475,2.05300000,255.53000000,2.131
1749261475,2.05200000,5.74000000,2.131
1749261475,2.05000000,24013.33000000,2.131
1749261475,2.04700000,50.00000000,2.131
1749261475,2.04500000,268.32000000,2.131
1749261475,2.04400000,6.07000000,2.131
1749261475,2.04300000,28.25000000,2.131
1749261475,2.04000000,16.90000000,2.131
1749261475,2.03800000,969.36000000,2.131
1749261475,2.03600000,220.00000000,2.131
1749261475,2.03300000,6.14000000,2.131
1749261475,2.03000000,541.70000000,2.131
1749261475,2.02900000,48.00000000,2.131
1749261475,2.02400000,3.12000000,2.131
1749261475,2.02300000,3903.93000000,2.131
1749261475,2.02200000,1266.56000000,2.131
1749261475,2.02100000,4.94000000,2.131
1749261475,2.02000000,297.34000000,2.131
1749261475,2.01800000,474.41000000,2.131
1749261475,2.01700000,2.97000000,2.131
1749261475,2.01600000,702.70000000,2.131
1749261475,2.01200000,99.40000000,2.131
1749261475,2.01100000,11.25000000,2.131
1749261475,2.01000000,50292.27000000,2.131
1749261475,2.00900000,119.33000000,2.131
1749261475,2.00700000,264.20000000,2.131
1749261475,2.00500000,44.43000000,2.131
1749261475,2.00400000,3.50000000,2.131
1749261475,2.00100000,68.67000000,2.131
1749261475,2.00000000,12724.10000000,2.131
1749261475,1.99900000,225.11000000,2.131
1749261475,1.99600000,7.68000000,2.131
1749261475,1.99500000,20.05000000,2.131
1749261475,1.99400000,14.46000000,2.131
1749261475,1.99300000,2.68000000,2.131
1749261781,2.12500000,1452.89000000,2.125
1749261781,2.12400000,3645.27000000,2.125
1749261781,2.12300000,3652.56000000,2.125
1749261781,2.12200000,5808.66000000,2.125
1749261781,2.12100000,1900.13000000,2.125
1749261781,2.12000000,1486.34000000,2.125
1749261781,2.11900000,2461.23000000,2.125
1749261781,2.11800000,7303.55000000,2.125
1749261781,2.11700000,104568.64000000,2.125
1749261781,2.11600000,3174.38000000,2.125
1749261781,2.11500000,958.79000000,2.125
1749261781,2.11400000,907.47000000,2.125
1749261781,2.11300000,2792.42000000,2.125
1749261781,2.11200000,1835.85000000,2.125
1749261781,2.11100000,688.44000000,2.125
1749261781,2.11000000,159038.97000000,2.125
1749261781,2.10900000,3765.28000000,2.125
1749261781,2.10800000,826.40000000,2.125
1749261781,2.10700000,688.44000000,2.125
1749261781,2.10600000,826.40000000,2.125
1749261781,2.10500000,2725.64000000,2.125
1749261781,2.10400000,826.41000000,2.125
1749261781,2.10300000,22.00000000,2.125
1749261781,2.10200000,826.41000000,2.125
1749261781,2.10100000,688.45000000,2.125
1749261781,2.10000000,826.41000000,2.125
1749261781,2.09900000,4102.21000000,2.125
1749261781,2.09800000,601.42000000,2.125
1749261781,2.09700000,463.46000000,2.125
1749261781,2.09600000,611.52000000,2.125
1749261781,2.09500000,463.46000000,2.125
1749261781,2.09400000,24539.91000000,2.125
1749261781,2.09300000,21170.28000000,2.125
1749261781,2.09200000,20664.15000000,2.125
1749261781,2.09100000,459.88000000,2.125
1749261781,2.09000000,459.88000000,2.125
1749261781,2.08900000,459.88000000,2.125
1749261781,2.08800000,459.88000000,2.125
1749261781,2.08700000,459.88000000,2.125
1749261781,2.08600000,459.88000000,2.125
1749261781,2.08500000,459.88000000,2.125
1749261781,2.08400000,459.88000000,2.125
1749261781,2.08300000,938.68000000,2.125
1749261781,2.08200000,459.88000000,2.125
1749261781,2.08100000,3.04000000,2.125
1749261781,2.08000000,3067.43000000,2.125
1749261781,2.07900000,1597.70000000,2.125
1749261781,2.07800000,263.46000000,2.125
1749261781,2.07700000,995.92000000,2.125
1749261781,2.07400000,694.52000000,2.125
1749261781,2.07200000,459.88000000,2.125
1749261781,2.07000000,664.03000000,2.125
1749261781,2.06900000,459.88000000,2.125
1749261781,2.06700000,462.94000000,2.125
1749261781,2.06400000,459.88000000,2.125
1749261781,2.06100000,549.35000000,2.125
1749261781,2.06000000,229.13000000,2.125
1749261781,2.05900000,2.91000000,2.125
1749261781,2.05500000,48.63000000,2.125
1749261781,2.05300000,255.53000000,2.125
1749261781,2.05200000,5.74000000,2.125
1749261781,2.05000000,24013.33000000,2.125
1749261781,2.04700000,50.00000000,2.125
1749261781,2.04500000,268.32000000,2.125
1749261781,2.04400000,6.07000000,2.125
1749261781,2.04300000,28.25000000,2.125
1749261781,2.04000000,16.90000000,2.125
1749261781,2.03800000,969.36000000,2.125
1749261781,2.03600000,220.00000000,2.125
1749261781,2.03300000,6.14000000,2.125
1749261781,2.03000000,71.50000000,2.125
1749261781,2.02900000,48.00000000,2.125
1749261781,2.02400000,3.12000000,2.125
1749261781,2.02300000,3903.93000000,2.125
1749261781,2.02200000,1266.56000000,2.125
1749261781,2.02100000,4.94000000,2.125
1749261781,2.02000000,297.34000000,2.125
1749261781,2.01800000,474.41000000,2.125
1749261781,2.01700000,2.97000000,2.125
1749261781,2.01600000,702.70000000,2.125
1749261781,2.01400000,474.51000000,2.125
1749261781,2.01200000,99.40000000,2.125
1749261781,2.01100000,11.25000000,2.125
1749261781,2.01000000,50292.27000000,2.125
1749261781,2.00900000,119.33000000,2.125
1749261781,2.00700000,264.20000000,2.125
1749261781,2.00500000,44.43000000,2.125
1749261781,2.00400000,3.50000000,2.125
1749261781,2.00100000,68.67000000,2.125
1749261781,2.00000000,13126.12000000,2.125
1749261781,1.99900000,225.11000000,2.125
1749261781,1.99600000,7.68000000,2.125
1749261781,1.99500000,20.05000000,2.125
1749261781,1.99400000,14.46000000,2.125
1749261781,1.99300000,2.68000000,2.125
1749261781,1.99000000,12.55000000,2.125
1749261781,1.98900000,6.42000000,2.125
1749261781,1.98200000,3.19000000,2.125
1749261781,1.98000000,35.25000000,2.125
1749261781,1.97800000,6.50000000,2.125
1749262087,2.12300000,1177.20000000,2.123
1749262087,2.12200000,3877.95000000,2.123
1749262087,2.12100000,5502.20000000,2.123
1749262087,2.12000000,6665.76000000,2.123
1749262087,2.11900000,6717.09000000,2.123
1749262087,2.11800000,3122.21000000,2.123
1749262087,2.11700000,1388.12000000,2.123
1749262087,2.11600000,2554.41000000,2.123
1749262087,2.11500000,104683.43000000,2.123
1749262087,2.11400000,4121.21000000,2.123
1749262087,2.11300000,2887.39000000,2.123
1749262087,2.11200000,2611.79000000,2.123
1749262087,2.11100000,937.33000000,2.123
1749262087,2.11000000,55022.43000000,2.123
1749262087,2.10900000,688.44000000,2.123
1749262087,2.10800000,826.40000000,2.123
1749262087,2.10700000,2956.01000000,2.123
1749262087,2.10600000,104918.52000000,2.123
1749262087,2.10500000,1800.23000000,2.123
1749262087,2.10400000,2766.12000000,2.123
1749262087,2.10300000,22.00000000,2.123
1749262087,2.10200000,826.41000000,2.123
1749262087,2.10100000,749.69000000,2.123
1749262087,2.10000000,1689.89000000,2.123
1749262087,2.09900000,688.46000000,2.123
1749262087,2.09800000,826.42000000,2.123
1749262087,2.09700000,688.46000000,2.123
1749262087,2.09600000,836.52000000,2.123
1749262087,2.09500000,3877.21000000,2.123
1749262087,2.09400000,19971.61000000,2.123
1749262087,2.09300000,21170.28000000,2.123
1749262087,2.09200000,19848.30000000,2.123
1749262087,2.09100000,459.88000000,2.123
1749262087,2.09000000,459.88000000,2.123
1749262087,2.08900000,459.88000000,2.123
1749262087,2.08800000,459.88000000,2.123
1749262087,2.08700000,459.88000000,2.123
1749262087,2.08600000,459.88000000,2.123
1749262087,2.08500000,459.88000000,2.123
1749262087,2.08400000,459.88000000,2.123
1749262087,2.08300000,1758.05000000,2.123
1749262087,2.08200000,459.88000000,2.123
1749262087,2.08100000,3.04000000,2.123
1749262087,2.08000000,3067.43000000,2.123
1749262087,2.07900000,1597.70000000,2.123
1749262087,2.07800000,263.46000000,2.123
1749262087,2.07700000,995.92000000,2.123
1749262087,2.07400000,694.52000000,2.123
1749262087,2.07200000,459.88000000,2.123
1749262087,2.07000000,664.03000000,2.123
1749262087,2.06900000,459.88000000,2.123
1749262087,2.06700000,462.94000000,2.123
1749262087,2.06400000,459.88000000,2.123
1749262087,2.06100000,549.35000000,2.123
1749262087,2.06000000,229.13000000,2.123
1749262087,2.05900000,2.91000000,2.123
1749262087,2.05500000,48.63000000,2.123
1749262087,2.05300000,255.53000000,2.123
1749262087,2.05200000,5.74000000,2.123
1749262087,2.05100000,4568.30000000,2.123
1749262087,2.05000000,24013.33000000,2.123
1749262087,2.04900000,58.71000000,2.123
1749262087,2.04700000,50.00000000,2.123
1749262087,2.04500000,268.32000000,2.123
1749262087,2.04400000,6.07000000,2.123
1749262087,2.04300000,28.25000000,2.123
1749262087,2.04000000,16.90000000,2.123
1749262087,2.03800000,969.36000000,2.123
1749262087,2.03600000,220.00000000,2.123
1749262087,2.03300000,6.14000000,2.123
1749262087,2.03000000,71.50000000,2.123
1749262087,2.02900000,48.00000000,2.123
1749262087,2.02400000,3.12000000,2.123
1749262087,2.02300000,3903.93000000,2.123
1749262087,2.02200000,1266.56000000,2.123
1749262087,2.02100000,4.94000000,2.123
1749262087,2.02000000,297.34000000,2.123
1749262087,2.01800000,474.41000000,2.123
1749262087,2.01700000,2.97000000,2.123
1749262087,2.01600000,702.70000000,2.123
1749262087,2.01400000,474.51000000,2.123
1749262087,2.01200000,99.40000000,2.123
1749262087,2.01100000,11.25000000,2.123
1749262087,2.01000000,50292.27000000,2.123
1749262087,2.00900000,119.33000000,2.123
1749262087,2.00700000,264.20000000,2.123
1749262087,2.00500000,44.43000000,2.123
1749262087,2.00400000,3.50000000,2.123
1749262087,2.00100000,68.67000000,2.123
1749262087,2.00000000,13126.12000000,2.123
1749262087,1.99900000,225.11000000,2.123
1749262087,1.99600000,7.68000000,2.123
1749262087,1.99500000,20.05000000,2.123
1749262087,1.99400000,14.46000000,2.123
1749262087,1.99300000,2.68000000,2.123
1749262087,1.99000000,12.55000000,2.123
1749262087,1.98900000,6.42000000,2.123
1749262087,1.98200000,3.19000000,2.123
1749262087,1.98000000,35.25000000,2.123
1749262087,1.97800000,6.50000000,2.123
1749262390,2.13100000,1613.48000000,2.131
1749262390,2.13000000,2808.08000000,2.131
1749262390,2.12900000,2711.02000000,2.131
1749262390,2.12800000,3540.22000000,2.131
1749262390,2.12700000,7393.35000000,2.131
1749262390,2.12600000,3353.09000000,2.131
1749262390,2.12500000,2054.59000000,2.131
1749262390,2.12400000,1535.03000000,2.131
1749262390,2.12300000,65333.40000000,2.131
1749262390,2.12200000,936.90000000,2.131
1749262390,2.12100000,807.94000000,2.131
1749262390,2.12000000,1630.00000000,2.131
1749262390,2.11900000,2009.00000000,2.131
1749262390,2.11800000,4014.03000000,2.131
1749262390,2.11700000,933.09000000,2.131
1749262390,2.11600000,2515.17000000,2.131
1749262390,2.11500000,2966.22000000,2.131
1749262390,2.11400000,158982.90000000,2.131
1749262390,2.11300000,2792.42000000,2.131
1749262390,2.11200000,861.30000000,2.131
1749262390,2.11100000,1496.94000000,2.131
1749262390,2.11000000,5281.73000000,2.131
1749262390,2.10900000,688.44000000,2.131
1749262390,2.10800000,826.40000000,2.131
1749262390,2.10700000,688.44000000,2.131
1749262390,2.10600000,826.40000000,2.131
1749262390,2.10500000,2663.61000000,2.131
1749262390,2.10400000,1954.93000000,2.131
1749262390,2.10300000,22.00000000,2.131
1749262390,2.10200000,826.41000000,2.131
1749262390,2.10100000,749.69000000,2.131
1749262390,2.10000000,826.41000000,2.131
1749262390,2.09900000,463.46000000,2.131
1749262390,2.09800000,601.42000000,2.131
1749262390,2.09700000,463.46000000,2.131
1749262390,2.09600000,611.52000000,2.131
1749262390,2.09500000,4691.89000000,2.131
1749262390,2.09400000,24539.91000000,2.131
1749262390,2.09300000,21170.28000000,2.131
1749262390,2.09200000,19848.30000000,2.131
1749262390,2.09100000,459.88000000,2.131
1749262390,2.09000000,459.88000000,2.131
1749262390,2.08900000,459.88000000,2.131
1749262390,2.08800000,459.88000000,2.131
1749262390,2.08700000,459.88000000,2.131
1749262390,2.08600000,459.88000000,2.131
1749262390,2.08500000,459.88000000,2.131
1749262390,2.08400000,459.88000000,2.131
1749262390,2.08300000,938.68000000,2.131
1749262390,2.08200000,459.88000000,2.131
1749262390,2.08100000,3.04000000,2.131
1749262390,2.08000000,3067.43000000,2.131
1749262390,2.07900000,1597.70000000,2.131
1749262390,2.07800000,263.46000000,2.131
1749262390,2.07700000,995.92000000,2.131
1749262390,2.07400000,694.52000000,2.131
1749262390,2.07200000,459.88000000,2.131
1749262390,2.07000000,664.03000000,2.131
1749262390,2.06900000,459.88000000,2.131
1749262390,2.06700000,462.94000000,2.131
1749262390,2.06400000,459.88000000,2.131
1749262390,2.06100000,549.35000000,2.131
1749262390,2.06000000,229.13000000,2.131
1749262390,2.05900000,2.91000000,2.131
1749262390,2.05500000,48.63000000,2.131
1749262390,2.05300000,255.53000000,2.131
1749262390,2.05200000,5.74000000,2.131
1749262390,2.05000000,24013.33000000,2.131
1749262390,2.04900000,58.71000000,2.131
1749262390,2.04700000,50.00000000,2.131
1749262390,2.04500000,268.32000000,2.131
1749262390,2.04400000,6.07000000,2.131
1749262390,2.04300000,28.25000000,2.131
1749262390,2.04000000,16.90000000,2.131
1749262390,2.03800000,969.36000000,2.131
1749262390,2.03600000,220.00000000,2.131
1749262390,2.03300000,6.14000000,2.131
1749262390,2.03000000,71.50000000,2.131
1749262390,2.02900000,48.00000000,2.131
1749262390,2.02400000,3.12000000,2.131
1749262390,2.02300000,3903.93000000,2.131
1749262390,2.02200000,1266.56000000,2.131
1749262390,2.02100000,4.94000000,2.131
1749262390,2.02000000,297.34000000,2.131
1749262390,2.01800000,474.41000000,2.131
1749262390,2.01700000,2.97000000,2.131
1749262390,2.01600000,702.70000000,2.131
1749262390,2.01400000,474.51000000,2.131
1749262390,2.01200000,99.40000000,2.131
1749262390,2.01100000,11.25000000,2.131
1749262390,2.01000000,50292.27000000,2.131
1749262390,2.00900000,119.33000000,2.131
1749262390,2.00700000,264.20000000,2.131
1749262390,2.00500000,44.43000000,2.131
1749262390,2.00400000,3.50000000,2.131
1749262390,2.00100000,68.67000000,2.131
1749262390,2.00000000,13126.12000000,2.131
1749262390,1.99900000,225.11000000,2.131
1749262390,1.99600000,7.68000000,2.131
1749262390,1.99500000,20.05000000,2.131
1749262693,2.13500000,1047.61000000,2.135
1749262693,2.13400000,3431.40000000,2.135
1749262693,2.13300000,4719.96000000,2.135
1749262693,2.13200000,5242.02000000,2.135
1749262693,2.13100000,5021.96000000,2.135
1749262693,2.13000000,5099.00000000,2.135
1749262693,2.12900000,1708.17000000,2.135
1749262693,2.12800000,1358.77000000,2.135
1749262693,2.12700000,1077.58000000,2.135
1749262693,2.12600000,2223.47000000,2.135
1749262693,2.12500000,104932.90000000,2.135
1749262693,2.12400000,3804.03000000,2.135
1749262693,2.12300000,1269.39000000,2.135
1749262693,2.12200000,2471.39000000,2.135
1749262693,2.12100000,2935.79000000,2.135
1749262693,2.12000000,976.04000000,2.135
1749262693,2.11900000,2089.49000000,2.135
1749262693,2.11800000,158823.85000000,2.135
1749262693,2.11700000,1644.51000000,2.135
1749262693,2.11600000,829.94000000,2.135
1749262693,2.11500000,691.98000000,2.135
1749262693,2.11400000,757.39000000,2.135
1749262693,2.11300000,1388.46000000,2.135
1749262693,2.11200000,711.85000000,2.135
1749262693,2.11100000,2956.01000000,2.135
1749262693,2.11000000,3882.54000000,2.135
1749262693,2.10900000,688.44000000,2.135
1749262693,2.10800000,826.40000000,2.135
1749262693,2.10700000,688.44000000,2.135
1749262693,2.10600000,887.50000000,2.135
1749262693,2.10500000,1575.23000000,2.135
1749262693,2.10400000,1729.93000000,2.135
1749262693,2.10300000,3435.75000000,2.135
1749262693,2.10200000,35503.37000000,2.135
1749262693,2.10100000,34569.41000000,2.135
1749262693,2.10000000,5169.71000000,2.135
1749262693,2.09900000,34601.41000000,2.135
1749262693,2.09800000,601.42000000,2.135
1749262693,2.09700000,463.46000000,2.135
1749262693,2.09600000,611.52000000,2.135
1749262693,2.09500000,463.46000000,2.135
1749262693,2.09400000,459.88000000,2.135
1749262693,2.09300000,1787.39000000,2.135
1749262693,2.09200000,459.88000000,2.135
1749262693,2.09100000,459.88000000,2.135
1749262693,2.09000000,459.88000000,2.135
1749262693,2.08900000,459.88000000,2.135
1749262693,2.08800000,459.88000000,2.135
1749262693,2.08700000,459.88000000,2.135
1749262693,2.08600000,459.88000000,2.135
1749262693,2.08500000,459.88000000,2.135
1749262693,2.08400000,459.88000000,2.135
1749262693,2.08300000,478.80000000,2.135
1749262693,2.08200000,459.88000000,2.135
1749262693,2.08100000,3.04000000,2.135
1749262693,2.08000000,3067.43000000,2.135
1749262693,2.07900000,1597.70000000,2.135
1749262693,2.07800000,263.46000000,2.135
1749262693,2.07700000,995.92000000,2.135
1749262693,2.07400000,694.52000000,2.135
1749262693,2.07200000,459.88000000,2.135
1749262693,2.07000000,664.03000000,2.135
1749262693,2.06900000,459.88000000,2.135
1749262693,2.06700000,3.06000000,2.135
1749262693,2.06100000,549.35000000,2.135
1749262693,2.06000000,229.13000000,2.135
1749262693,2.05900000,2.91000000,2.135
1749262693,2.05500000,48.63000000,2.135
1749262693,2.05300000,255.53000000,2.135
1749262693,2.05200000,5.74000000,2.135
1749262693,2.05000000,24013.33000000,2.135
1749262693,2.04900000,58.71000000,2.135
1749262693,2.04700000,50.00000000,2.135
1749262693,2.04500000,268.32000000,2.135
1749262693,2.04400000,6.07000000,2.135
1749262693,2.04300000,28.25000000,2.135
1749262693,2.04000000,16.90000000,2.135
1749262693,2.03800000,969.36000000,2.135
1749262693,2.03600000,220.00000000,2.135
1749262693,2.03300000,6.14000000,2.135
1749262693,2.03000000,539.73000000,2.135
1749262693,2.02900000,48.00000000,2.135
1749262693,2.02400000,3.12000000,2.135
1749262693,2.02300000,3903.93000000,2.135
1749262693,2.02200000,1266.56000000,2.135
1749262693,2.02100000,4.94000000,2.135
1749262693,2.02000000,297.34000000,2.135
1749262693,2.01800000,474.41000000,2.135
1749262693,2.01700000,2.97000000,2.135
1749262693,2.01600000,702.70000000,2.135
1749262693,2.01200000,99.40000000,2.135
1749262693,2.01100000,11.25000000,2.135
1749262693,2.01000000,50292.27000000,2.135
1749262693,2.00900000,119.33000000,2.135
1749262693,2.00700000,264.20000000,2.135
1749262693,2.00500000,44.43000000,2.135
1749262693,2.00400000,3.50000000,2.135
1749262693,2.00100000,68.67000000,2.135
1749262693,2.00000000,13126.12000000,2.135
1749262693,1.99900000,225.11000000,2.135
1749263001,2.13300000,2248.45000000,2.133
1749263001,2.13200000,2382.61000000,2.133
1749263001,2.13100000,5134.41000000,2.133
1749263001,2.13000000,6343.80000000,2.133
1749263001,2.12900000,5958.46000000,2.133
1749263001,2.12800000,3244.48000000,2.133
1749263001,2.12700000,1621.22000000,2.133
1749263001,2.12600000,2199.49000000,2.133
1749263001,2.12500000,86242.87000000,2.133
1749263001,2.12400000,3504.31000000,2.133
1749263001,2.12300000,2944.96000000,2.133
1749263001,2.12200000,2935.59000000,2.133
1749263001,2.12100000,807.94000000,2.133
1749263001,2.12000000,5168.67000000,2.133
1749263001,2.11900000,2401.39000000,2.133
1749263001,2.11800000,955.18000000,2.133
1749263001,2.11700000,1644.51000000,2.133
1749263001,2.11600000,829.94000000,2.133
1749263001,2.11500000,691.98000000,2.133
1749263001,2.11400000,158259.32000000,2.133
1749263001,2.11300000,3575.49000000,2.133
1749263001,2.11200000,711.85000000,2.133
1749263001,2.11100000,688.44000000,2.133
1749263001,2.11000000,1709.65000000,2.133
1749263001,2.10900000,688.44000000,2.133
1749263001,2.10800000,826.40000000,2.133
1749263001,2.10700000,688.44000000,2.133
1749263001,2.10600000,887.50000000,2.133
1749263001,2.10500000,1800.23000000,2.133
1749263001,2.10400000,1954.93000000,2.133
1749263001,2.10300000,1397.30000000,2.133
1749263001,2.10200000,4015.16000000,2.133
1749263001,2.10100000,34569.41000000,2.133
1749263001,2.10000000,601.41000000,2.133
1749263001,2.09900000,39169.71000000,2.133
1749263001,2.09800000,41259.57000000,2.133
1749263001,2.09700000,463.46000000,2.133
1749263001,2.09600000,1425.81000000,2.133
1749263001,2.09500000,463.46000000,2.133
1749263001,2.09400000,459.88000000,2.133
1749263001,2.09300000,459.88000000,2.133
1749263001,2.09200000,459.88000000,2.133
1749263001,2.09100000,459.88000000,2.133
1749263001,2.09000000,459.88000000,2.133
1749263001,2.08900000,459.88000000,2.133
1749263001,2.08800000,459.88000000,2.133
1749263001,2.08700000,991.62000000,2.133
1749263001,2.08600000,459.88000000,2.133
1749263001,2.08500000,1098.26000000,2.133
1749263001,2.08400000,459.88000000,2.133
1749263001,2.08300000,478.80000000,2.133
1749263001,2.08200000,459.88000000,2.133
1749263001,2.08100000,3.04000000,2.133
1749263001,2.08000000,3067.43000000,2.133
1749263001,2.07900000,1597.70000000,2.133
1749263001,2.07800000,263.46000000,2.133
1749263001,2.07700000,459.88000000,2.133
1749263001,2.07400000,694.52000000,2.133
1749263001,2.07300000,5.28000000,2.133
1749263001,2.07200000,459.88000000,2.133
1749263001,2.07100000,527.77000000,2.133
1749263001,2.07000000,664.03000000,2.133
1749263001,2.06900000,459.88000000,2.133
1749263001,2.06700000,3.06000000,2.133
1749263001,2.06100000,9.70000000,2.133
1749263001,2.06000000,229.13000000,2.133
1749263001,2.05900000,2.91000000,2.133
1749263001,2.05500000,311.14000000,2.133
1749263001,2.05300000,255.53000000,2.133
1749263001,2.05200000,3.08000000,2.133
1749263001,2.05000000,24013.33000000,2.133
1749263001,2.04900000,58.71000000,2.133
1749263001,2.04700000,50.00000000,2.133
1749263001,2.04400000,6.07000000,2.133
1749263001,2.04300000,28.25000000,2.133
1749263001,2.04000000,16.90000000,2.133
1749263001,2.03800000,969.36000000,2.133
1749263001,2.03600000,220.00000000,2.133
1749263001,2.03300000,6.14000000,2.133
1749263001,2.03000000,539.73000000,2.133
1749263001,2.02900000,48.00000000,2.133
1749263001,2.02400000,3.12000000,2.133
1749263001,2.02300000,3903.93000000,2.133
1749263001,2.02200000,1266.56000000,2.133
1749263001,2.02100000,4.94000000,2.133
1749263001,2.02000000,297.34000000,2.133
1749263001,2.01800000,474.41000000,2.133
1749263001,2.01700000,2.97000000,2.133
1749263001,2.01600000,702.70000000,2.133
1749263001,2.01200000,99.40000000,2.133
1749263001,2.01100000,11.25000000,2.133
1749263001,2.01000000,50292.27000000,2.133
1749263001,2.00900000,119.33000000,2.133
1749263001,2.00700000,264.20000000,2.133
1749263001,2.00500000,44.43000000,2.133
1749263001,2.00400000,3.50000000,2.133
1749263001,2.00100000,68.67000000,2.133
1749263001,2.00000000,13126.12000000,2.133
1749263001,1.99900000,225.11000000,2.133
1749263001,1.99600000,7.68000000,2.133
1749263310,2.13700000,1699.23000000,2.137
1749263310,2.13600000,2827.68000000,2.137
1749263310,2.13500000,3996.70000000,2.137
1749263310,2.13400000,7878.86000000,2.137
1749263310,2.13300000,4677.53000000,2.137
1749263310,2.13200000,2397.59000000,2.137
1749263310,2.13100000,2122.93000000,2.137
1749263310,2.13000000,1034.59000000,2.137
1749263310,2.12900000,73590.34000000,2.137
1749263310,2.12800000,2819.48000000,2.137
1749263310,2.12700000,957.83000000,2.137
1749263310,2.12600000,4027.68000000,2.137
1749263310,2.12500000,810.71000000,2.137
1749263310,2.12400000,981.44000000,2.137
1749263310,2.12300000,3256.21000000,2.137
1749263310,2.12200000,54057.79000000,2.137
1749263310,2.12100000,807.94000000,2.137
1749263310,2.12000000,3734.86000000,2.137
1749263310,2.11900000,2089.49000000,2.137
1749263310,2.11800000,106602.39000000,2.137
1749263310,2.11700000,1494.64000000,2.137
1749263310,2.11600000,3054.64000000,2.137
1749263310,2.11500000,688.43000000,2.137
1749263310,2.11400000,757.39000000,2.137
1749263310,2.11300000,3593.25000000,2.137
1749263310,2.11200000,711.85000000,2.137
1749263310,2.11100000,749.39000000,2.137
1749263310,2.11000000,1709.65000000,2.137
1749263310,2.10900000,688.44000000,2.137
1749263310,2.10800000,826.40000000,2.137
1749263310,2.10700000,463.44000000,2.137
1749263310,2.10600000,601.40000000,2.137
1749263310,2.10500000,470.50000000,2.137
1749263310,2.10400000,601.41000000,2.137
1749263310,2.10300000,1378.87000000,2.137
1749263310,2.10200000,8583.46000000,2.137
1749263310,2.10100000,35381.76000000,2.137
1749263310,2.10000000,601.41000000,2.137
1749263310,2.09900000,34601.41000000,2.137
1749263310,2.09800000,601.42000000,2.137
1749263310,2.09700000,459.88000000,2.137
1749263310,2.09600000,462.90000000,2.137
1749263310,2.09500000,459.88000000,2.137
1749263310,2.09400000,459.88000000,2.137
1749263310,2.09300000,459.88000000,2.137
1749263310,2.09200000,459.88000000,2.137
1749263310,2.09100000,459.88000000,2.137
1749263310,2.09000000,459.88000000,2.137
1749263310,2.08800000,459.88000000,2.137
1749263310,2.08700000,531.74000000,2.137
1749263310,2.08600000,459.88000000,2.137
1749263310,2.08500000,643.17000000,2.137
1749263310,2.08400000,459.88000000,2.137
1749263310,2.08300000,478.80000000,2.137
1749263310,2.08200000,459.88000000,2.137
1749263310,2.08100000,3.04000000,2.137
1749263310,2.08000000,3067.43000000,2.137
1749263310,2.07900000,1597.70000000,2.137
1749263310,2.07800000,263.46000000,2.137
1749263310,2.07700000,459.88000000,2.137
1749263310,2.07400000,694.52000000,2.137
1749263310,2.07300000,5.28000000,2.137
1749263310,2.07200000,459.88000000,2.137
1749263310,2.07100000,527.77000000,2.137
1749263310,2.07000000,664.03000000,2.137
1749263310,2.06700000,3.06000000,2.137
1749263310,2.06100000,9.70000000,2.137
1749263310,2.06000000,229.13000000,2.137
1749263310,2.05900000,2.91000000,2.137
1749263310,2.05500000,311.14000000,2.137
1749263310,2.05300000,255.53000000,2.137
1749263310,2.05200000,3.08000000,2.137
1749263310,2.05000000,24013.33000000,2.137
1749263310,2.04900000,58.71000000,2.137
1749263310,2.04700000,50.00000000,2.137
1749263310,2.04400000,6.07000000,2.137
1749263310,2.04300000,28.25000000,2.137
1749263310,2.04000000,16.90000000,2.137
1749263310,2.03800000,969.36000000,2.137
1749263310,2.03600000,220.00000000,2.137
1749263310,2.03400000,467.08000000,2.137
1749263310,2.03300000,6.14000000,2.137
1749263310,2.03000000,539.73000000,2.137
1749263310,2.02900000,48.00000000,2.137
1749263310,2.02400000,3.12000000,2.137
1749263310,2.02300000,3903.93000000,2.137
1749263310,2.02200000,1266.56000000,2.137
1749263310,2.02100000,4.94000000,2.137
1749263310,2.02000000,297.34000000,2.137
1749263310,2.01700000,2.97000000,2.137
1749263310,2.01600000,702.70000000,2.137
1749263310,2.01200000,99.40000000,2.137
1749263310,2.01100000,11.25000000,2.137
1749263310,2.01000000,50292.27000000,2.137
1749263310,2.00900000,119.33000000,2.137
1749263310,2.00700000,264.20000000,2.137
1749263310,2.00500000,44.43000000,2.137
1749263310,2.00400000,3.50000000,2.137
1749263310,2.00100000,68.67000000,2.137
1749263310,2.00000000,13126.12000000,2.137
1749263611,2.13500000,2521.41000000,2.135
1749263611,2.13400000,2262.41000000,2.135
1749263611,2.13300000,5183.80000000,2.135
1749263611,2.13200000,6748.28000000,2.135
1749263611,2.13100000,6287.66000000,2.135
1749263611,2.13000000,2277.22000000,2.135
1749263611,2.12900000,2265.69000000,2.135
1749263611,2.12800000,1319.15000000,2.135
1749263611,2.12700000,2484.39000000,2.135
1749263611,2.12600000,87924.29000000,2.135
1749263611,2.12500000,930.91000000,2.135
1749263611,2.12400000,2197.31000000,2.135
1749263611,2.12300000,837.80000000,2.135
1749263611,2.12200000,3903.25000000,2.135
1749263611,2.12100000,807.94000000,2.135
1749263611,2.12000000,3734.86000000,2.135
1749263611,2.11900000,2089.49000000,2.135
1749263611,2.11800000,155951.42000000,2.135
1749263611,2.11700000,1640.14000000,2.135
1749263611,2.11600000,4216.21000000,2.135
1749263611,2.11500000,688.43000000,2.135
1749263611,2.11400000,757.39000000,2.135
1749263611,2.11300000,3593.25000000,2.135
1749263611,2.11200000,711.85000000,2.135
1749263611,2.11100000,749.39000000,2.135
1749263611,2.11000000,1709.65000000,2.135
1749263611,2.10900000,688.44000000,2.135
1749263611,2.10800000,601.40000000,2.135
1749263611,2.10700000,1574.17000000,2.135
1749263611,2.10600000,601.40000000,2.135
1749263611,2.10500000,470.50000000,2.135
1749263611,2.10400000,601.41000000,2.135
1749263611,2.10300000,4792.62000000,2.135
1749263611,2.10200000,23369.84000000,2.135
1749263611,2.10100000,463.45000000,2.135
1749263611,2.10000000,601.41000000,2.135
1749263611,2.09900000,844.24000000,2.135
1749263611,2.09800000,601.42000000,2.135
1749263611,2.09700000,459.88000000,2.135
1749263611,2.09600000,1277.19000000,2.135
1749263611,2.09500000,459.88000000,2.135
1749263611,2.09400000,459.88000000,2.135
1749263611,2.09300000,459.88000000,2.135
1749263611,2.09200000,459.88000000,2.135
1749263611,2.09100000,459.88000000,2.135
1749263611,2.09000000,459.88000000,2.135
1749263611,2.08800000,459.88000000,2.135
1749263611,2.08700000,531.74000000,2.135
1749263611,2.08600000,459.88000000,2.135
1749263611,2.08500000,643.17000000,2.135
1749263611,2.08400000,459.88000000,2.135
1749263611,2.08300000,478.80000000,2.135
1749263611,2.08200000,459.88000000,2.135
1749263611,2.08100000,3.04000000,2.135
1749263611,2.08000000,3067.43000000,2.135
1749263611,2.07900000,1597.70000000,2.135
1749263611,2.07800000,263.46000000,2.135
1749263611,2.07700000,459.88000000,2.135
1749263611,2.07400000,694.52000000,2.135
1749263611,2.07300000,5.28000000,2.135
1749263611,2.07200000,459.88000000,2.135
1749263611,2.07100000,527.77000000,2.135
1749263611,2.07000000,664.03000000,2.135
1749263611,2.06700000,3.06000000,2.135
1749263611,2.06100000,9.70000000,2.135
1749263611,2.06000000,229.13000000,2.135
1749263611,2.05900000,2.91000000,2.135
1749263611,2.05500000,311.14000000,2.135
1749263611,2.05300000,255.53000000,2.135
1749263611,2.05200000,3.08000000,2.135
1749263611,2.05000000,24013.33000000,2.135
1749263611,2.04900000,58.71000000,2.135
1749263611,2.04700000,50.00000000,2.135
1749263611,2.04400000,6.07000000,2.135
1749263611,2.04300000,28.25000000,2.135
1749263611,2.04000000,16.90000000,2.135
1749263611,2.03800000,969.36000000,2.135
1749263611,2.03600000,220.00000000,2.135
1749263611,2.03400000,466.52000000,2.135
1749263611,2.03300000,6.14000000,2.135
1749263611,2.03000000,539.73000000,2.135
1749263611,2.02900000,48.00000000,2.135
1749263611,2.02400000,3.12000000,2.135
1749263611,2.02300000,3903.93000000,2.135
1749263611,2.02200000,1266.56000000,2.135
1749263611,2.02100000,4.94000000,2.135
1749263611,2.02000000,297.34000000,2.135
1749263611,2.01700000,2.97000000,2.135
1749263611,2.01600000,702.70000000,2.135
1749263611,2.01200000,99.40000000,2.135
1749263611,2.01100000,11.25000000,2.135
1749263611,2.01000000,50292.27000000,2.135
1749263611,2.00900000,119.33000000,2.135
1749263611,2.00700000,264.20000000,2.135
1749263611,2.00500000,44.43000000,2.135
1749263611,2.00400000,3.50000000,2.135
1749263611,2.00100000,68.67000000,2.135
1749263611,2.00000000,13126.12000000,2.135
1749263611,1.99900000,225.11000000,2.135
1749263611,1.99600000,7.68000000,2.135
1749263913,2.14200000,701.33000000,2.142
1749263913,2.14100000,2198.22000000,2.142
1749263913,2.14000000,3923.60000000,2.142
1749263913,2.13900000,4662.51000000,2.142
1749263913,2.13800000,7625.17000000,2.142
1749263913,2.13700000,4202.90000000,2.142
1749263913,2.13600000,2076.68000000,2.142
1749263913,2.13500000,1008.49000000,2.142
1749263913,2.13400000,1238.10000000,2.142
1749263913,2.13300000,80417.14000000,2.142
1749263913,2.13200000,975.18000000,2.142
1749263913,2.13100000,957.48000000,2.142
1749263913,2.13000000,975.31000000,2.142
1749263913,2.12900000,1942.00000000,2.142
1749263913,2.12800000,5836.25000000,2.142
1749263913,2.12700000,837.58000000,2.142
1749263913,2.12600000,157053.00000000,2.142
1749263913,2.12500000,2061.58000000,2.142
1749263913,2.12400000,5341.37000000,2.142
1749263913,2.12300000,691.96000000,2.142
1749263913,2.12200000,787.38000000,2.142
1749263913,2.12100000,658.42000000,2.142
1749263913,2.12000000,3093.95000000,2.142
1749263913,2.11900000,688.42000000,2.142
1749263913,2.11800000,1910.34000000,2.142
1749263913,2.11700000,1494.64000000,2.142
1749263913,2.11600000,1948.64000000,2.142
1749263913,2.11500000,1324.70000000,2.142
1749263913,2.11400000,601.39000000,2.142
1749263913,2.11300000,2668.22000000,2.142
1749263913,2.11200000,607.12000000,2.142
1749263913,2.11100000,524.39000000,2.142
1749263913,2.11000000,616.27000000,2.142
1749263913,2.10900000,463.44000000,2.142
1749263913,2.10800000,601.40000000,2.142
1749263913,2.10700000,68024.24000000,2.142
1749263913,2.10600000,601.40000000,2.142
1749263913,2.10500000,470.50000000,2.142
1749263913,2.10400000,601.41000000,2.142
1749263913,2.10300000,9360.92000000,2.142
1749263913,2.10200000,459.88000000,2.142
1749263913,2.10100000,459.88000000,2.142
1749263913,2.10000000,459.88000000,2.142
1749263913,2.09900000,459.88000000,2.142
1749263913,2.09800000,459.88000000,2.142
1749263913,2.09700000,459.88000000,2.142
1749263913,2.09600000,462.90000000,2.142
1749263913,2.09500000,459.88000000,2.142
1749263913,2.09400000,459.88000000,2.142
1749263913,2.09200000,459.88000000,2.142
1749263913,2.09000000,1276.51000000,2.142
1749263913,2.08900000,1577.04000000,2.142
1749263913,2.08800000,459.88000000,2.142
1749263913,2.08700000,531.74000000,2.142
1749263913,2.08600000,459.88000000,2.142
1749263913,2.08500000,4.79000000,2.142
1749263913,2.08400000,459.88000000,2.142
1749263913,2.08300000,478.80000000,2.142
1749263913,2.08200000,459.88000000,2.142
1749263913,2.08100000,3.04000000,2.142
1749263913,2.08000000,3067.43000000,2.142
1749263913,2.07800000,263.46000000,2.142
1749263913,2.07700000,459.88000000,2.142
1749263913,2.07400000,234.64000000,2.142
1749263913,2.07300000,5.28000000,2.142
1749263913,2.07100000,527.77000000,2.142
1749263913,2.07000000,664.03000000,2.142
1749263913,2.06700000,3.06000000,2.142
1749263913,2.06100000,9.70000000,2.142
1749263913,2.06000000,229.13000000,2.142
1749263913,2.05900000,2.91000000,2.142
1749263913,2.05500000,311.14000000,2.142
1749263913,2.05300000,255.53000000,2.142
1749263913,2.05200000,3.08000000,2.142
1749263913,2.05000000,24013.33000000,2.142
1749263913,2.04900000,58.71000000,2.142
1749263913,2.04700000,50.00000000,2.142
1749263913,2.04400000,6.07000000,2.142
1749263913,2.04300000,28.25000000,2.142
1749263913,2.04000000,16.90000000,2.142
1749263913,2.03800000,1438.42000000,2.142
1749263913,2.03600000,220.00000000,2.142
1749263913,2.03400000,466.52000000,2.142
1749263913,2.03300000,6.14000000,2.142
1749263913,2.03000000,539.73000000,2.142
1749263913,2.02900000,48.00000000,2.142
1749263913,2.02400000,3.12000000,2.142
1749263913,2.02300000,3903.93000000,2.142
1749263913,2.02200000,794.91000000,2.142
1749263913,2.02100000,4.94000000,2.142
1749263913,2.02000000,297.34000000,2.142
1749263913,2.01700000,2.97000000,2.142
1749263913,2.01600000,702.70000000,2.142
1749263913,2.01200000,99.40000000,2.142
1749263913,2.01100000,11.25000000,2.142
1749263913,2.01000000,50292.27000000,2.142
1749263913,2.00900000,119.33000000,2.142
1749263913,2.00700000,264.20000000,2.142
1749263913,2.00500000,44.43000000,2.142
1749263913,2.00400000,3.50000000,2.142
1749264215,2.14000000,1149.27000000,2.14
1749264215,2.13900000,2903.79000000,2.14
1749264215,2.13800000,5992.67000000,2.14
1749264215,2.13700000,4669.34000000,2.14
1749264215,2.13600000,8017.48000000,2.14
1749264215,2.13500000,1822.05000000,2.14
1749264215,2.13400000,1785.89000000,2.14
1749264215,2.13300000,1980.73000000,2.14
1749264215,2.13200000,84481.89000000,2.14
1749264215,2.13100000,2083.12000000,2.14
1749264215,2.13000000,1134.40000000,2.14
1749264215,2.12900000,2944.60000000,2.14
1749264215,2.12800000,5545.05000000,2.14
1749264215,2.12700000,2264.27000000,2.14
1749264215,2.12600000,1105.42000000,2.14
1749264215,2.12500000,2061.58000000,2.14
1749264215,2.12400000,1532.00000000,2.14
1749264215,2.12300000,833.44000000,2.14
1749264215,2.12200000,154787.96000000,2.14
1749264215,2.12100000,2925.99000000,2.14
1749264215,2.12000000,3013.41000000,2.14
1749264215,2.11900000,688.42000000,2.14
1749264215,2.11800000,1931.34000000,2.14
1749264215,2.11700000,1269.64000000,2.14
1749264215,2.11600000,1784.45000000,2.14
1749264215,2.11500000,1327.37000000,2.14
1749264215,2.11400000,601.39000000,2.14
1749264215,2.11300000,463.43000000,2.14
1749264215,2.11200000,607.12000000,2.14
1749264215,2.11100000,463.44000000,2.14
1749264215,2.11000000,616.27000000,2.14
1749264215,2.10900000,463.44000000,2.14
1749264215,2.10800000,4015.15000000,2.14
1749264215,2.10700000,79980.76000000,2.14
1749264215,2.10600000,601.40000000,2.14
1749264215,2.10500000,470.50000000,2.14
1749264215,2.10400000,601.41000000,2.14
1749264215,2.10300000,1375.30000000,2.14
1749264215,2.10200000,459.88000000,2.14
1749264215,2.10100000,459.88000000,2.14
1749264215,2.10000000,1272.62000000,2.14
1749264215,2.09900000,459.88000000,2.14
1749264215,2.09800000,459.88000000,2.14
1749264215,2.09700000,459.88000000,2.14
1749264215,2.09600000,462.90000000,2.14
1749264215,2.09400000,459.88000000,2.14
1749264215,2.09200000,459.88000000,2.14
1749264215,2.09000000,1276.51000000,2.14
1749264215,2.08900000,1577.04000000,2.14
1749264215,2.08800000,459.88000000,2.14
1749264215,2.08700000,531.74000000,2.14
1749264215,2.08600000,459.88000000,2.14
1749264215,2.08500000,4.79000000,2.14
1749264215,2.08400000,459.88000000,2.14
1749264215,2.08300000,478.80000000,2.14
1749264215,2.08200000,459.88000000,2.14
1749264215,2.08100000,3.04000000,2.14
1749264215,2.08000000,3067.43000000,2.14
1749264215,2.07800000,263.46000000,2.14
1749264215,2.07400000,234.64000000,2.14
1749264215,2.07300000,5.28000000,2.14
1749264215,2.07100000,527.77000000,2.14
1749264215,2.07000000,664.03000000,2.14
1749264215,2.06700000,3.06000000,2.14
1749264215,2.06100000,9.70000000,2.14
1749264215,2.06000000,229.13000000,2.14
1749264215,2.05900000,2.91000000,2.14
1749264215,2.05500000,311.14000000,2.14
1749264215,2.05300000,255.53000000,2.14
1749264215,2.05200000,3.08000000,2.14
1749264215,2.05100000,4568.30000000,2.14
1749264215,2.05000000,24013.33000000,2.14
1749264215,2.04700000,50.00000000,2.14
1749264215,2.04400000,6.07000000,2.14
1749264215,2.04300000,28.25000000,2.14
1749264215,2.04000000,16.90000000,2.14
1749264215,2.03800000,1436.36000000,2.14
1749264215,2.03600000,220.00000000,2.14
1749264215,2.03400000,466.52000000,2.14
1749264215,2.03300000,6.14000000,2.14
1749264215,2.03000000,535.56000000,2.14
1749264215,2.02900000,48.00000000,2.14
1749264215,2.02400000,3.12000000,2.14
1749264215,2.02300000,3903.93000000,2.14
1749264215,2.02200000,794.91000000,2.14
1749264215,2.02100000,4.94000000,2.14
1749264215,2.02000000,297.34000000,2.14
1749264215,2.01700000,2.97000000,2.14
1749264215,2.01600000,702.70000000,2.14
1749264215,2.01200000,99.40000000,2.14
1749264215,2.01100000,11.25000000,2.14
1749264215,2.01000000,50292.27000000,2.14
1749264215,2.00900000,119.33000000,2.14
1749264215,2.00700000,264.20000000,2.14
1749264215,2.00500000,44.43000000,2.14
1749264215,2.00400000,3.50000000,2.14
1749264215,2.00100000,68.67000000,2.14
1749264215,2.00000000,13126.12000000,2.14
1749264215,1.99900000,225.11000000,2.14
1749264215,1.99600000,7.68000000,2.14
1749264516,2.14400000,718.28000000,2.144
1749264516,2.14300000,2088.50000000,2.144
1749264516,2.14200000,1781.43000000,2.144
1749264516,2.14100000,4789.77000000,2.144
1749264516,2.14000000,6103.28000000,2.144
1749264516,2.13900000,5515.36000000,2.144
1749264516,2.13800000,3422.88000000,2.144
1749264516,2.13700000,1158.35000000,2.144
1749264516,2.13600000,56132.44000000,2.144
1749264516,2.13500000,985.20000000,2.144
1749264516,2.13400000,2422.27000000,2.144
1749264516,2.13300000,1227.07000000,2.144
1749264516,2.13200000,3029.12000000,2.144
1749264516,2.13100000,3162.46000000,2.144
1749264516,2.13000000,975.31000000,2.144
1749264516,2.12900000,2944.60000000,2.144
1749264516,2.12800000,5234.45000000,2.144
1749264516,2.12700000,837.58000000,2.144
1749264516,2.12600000,154878.76000000,2.144
1749264516,2.12500000,2061.58000000,2.144
1749264516,2.12400000,3799.57000000,2.144
1749264516,2.12300000,688.42000000,2.144
1749264516,2.12200000,804.46000000,2.144
1749264516,2.12100000,658.42000000,2.144
1749264516,2.12000000,3878.59000000,2.144
1749264516,2.11900000,463.42000000,2.144
1749264516,2.11800000,1706.34000000,2.144
1749264516,2.11700000,1269.64000000,2.144
1749264516,2.11600000,1784.45000000,2.144
1749264516,2.11500000,463.43000000,2.144
1749264516,2.11400000,601.39000000,2.144
1749264516,2.11300000,463.43000000,2.144
1749264516,2.11200000,607.12000000,2.144
1749264516,2.11100000,463.44000000,2.144
1749264516,2.11000000,616.27000000,2.144
1749264516,2.10900000,510.77000000,2.144
1749264516,2.10800000,8583.45000000,2.144
1749264516,2.10700000,79980.76000000,2.144
1749264516,2.10600000,601.40000000,2.144
1749264516,2.10500000,470.50000000,2.144
1749264516,2.10400000,601.41000000,2.144
1749264516,2.10300000,1375.30000000,2.144
1749264516,2.10200000,459.88000000,2.144
1749264516,2.10100000,459.88000000,2.144
1749264516,2.10000000,1272.62000000,2.144
1749264516,2.09900000,459.88000000,2.144
1749264516,2.09800000,459.88000000,2.144
1749264516,2.09700000,459.88000000,2.144
1749264516,2.09600000,462.90000000,2.144
1749264516,2.09400000,459.88000000,2.144
1749264516,2.09200000,459.88000000,2.144
1749264516,2.09000000,1276.51000000,2.144
1749264516,2.08900000,1577.04000000,2.144
1749264516,2.08800000,459.88000000,2.144
1749264516,2.08700000,531.74000000,2.144
1749264516,2.08600000,459.88000000,2.144
1749264516,2.08500000,4.79000000,2.144
1749264516,2.08400000,459.88000000,2.144
1749264516,2.08300000,478.80000000,2.144
1749264516,2.08200000,459.88000000,2.144
1749264516,2.08100000,3.04000000,2.144
1749264516,2.08000000,3067.43000000,2.144
1749264516,2.07800000,263.46000000,2.144
1749264516,2.07400000,234.64000000,2.144
1749264516,2.07300000,5.28000000,2.144
1749264516,2.07100000,527.77000000,2.144
1749264516,2.07000000,664.03000000,2.144
1749264516,2.06700000,3.06000000,2.144
1749264516,2.06100000,9.70000000,2.144
1749264516,2.06000000,229.13000000,2.144
1749264516,2.05900000,2.91000000,2.144
1749264516,2.05500000,311.14000000,2.144
1749264516,2.05300000,255.53000000,2.144
1749264516,2.05200000,3.08000000,2.144
1749264516,2.05000000,24013.33000000,2.144
1749264516,2.04700000,50.00000000,2.144
1749264516,2.04400000,6.07000000,2.144
1749264516,2.04300000,28.25000000,2.144
1749264516,2.04200000,466.60000000,2.144
1749264516,2.04000000,16.90000000,2.144
1749264516,2.03800000,1436.36000000,2.144
1749264516,2.03600000,220.00000000,2.144
1749264516,2.03400000,466.52000000,2.144
1749264516,2.03300000,6.14000000,2.144
1749264516,2.03000000,71.50000000,2.144
1749264516,2.02900000,48.00000000,2.144
1749264516,2.02400000,3.12000000,2.144
1749264516,2.02300000,3903.93000000,2.144
1749264516,2.02200000,794.91000000,2.144
1749264516,2.02100000,4.94000000,2.144
1749264516,2.02000000,297.34000000,2.144
1749264516,2.01700000,2.97000000,2.144
1749264516,2.01600000,702.70000000,2.144
1749264516,2.01200000,99.40000000,2.144
1749264516,2.01100000,11.25000000,2.144
1749264516,2.01000000,50292.27000000,2.144
1749264516,2.00900000,119.33000000,2.144
1749264516,2.00700000,264.20000000,2.144
1749264516,2.00500000,44.43000000,2.144
1749264516,2.00400000,3.50000000,2.144
1749264818,2.14900000,2012.50000000,2.149
1749264818,2.14800000,2813.28000000,2.149
1749264818,2.14700000,4267.86000000,2.149
1749264818,2.14600000,5144.72000000,2.149
1749264818,2.14500000,7592.06000000,2.149
1749264818,2.14400000,2581.31000000,2.149
1749264818,2.14300000,3385.95000000,2.149
1749264818,2.14200000,1383.99000000,2.149
1749264818,2.14100000,1124.79000000,2.149
1749264818,2.14000000,63011.75000000,2.149
1749264818,2.13900000,1166.63000000,2.149
1749264818,2.13800000,1094.50000000,2.149
1749264818,2.13700000,1911.42000000,2.149
1749264818,2.13600000,4327.37000000,2.149
1749264818,2.13500000,2944.17000000,2.149
1749264818,2.13400000,2500.83000000,2.149
1749264818,2.13300000,837.15000000,2.149
1749264818,2.13200000,3734.00000000,2.149
1749264818,2.13100000,837.28000000,2.149
1749264818,2.13000000,154759.13000000,2.149
1749264818,2.12900000,691.94000000,2.149
1749264818,2.12800000,796.37000000,2.149
1749264818,2.12700000,4072.56000000,2.149
1749264818,2.12600000,826.37000000,2.149
1749264818,2.12500000,1521.88000000,2.149
1749264818,2.12400000,1528.47000000,2.149
1749264818,2.12300000,688.42000000,2.149
1749264818,2.12200000,1608.77000000,2.149
1749264818,2.12100000,719.09000000,2.149
1749264818,2.12000000,6427.16000000,2.149
1749264818,2.11900000,463.42000000,2.149
1749264818,2.11800000,1706.34000000,2.149
1749264818,2.11700000,463.43000000,2.149
1749264818,2.11600000,54211.31000000,2.149
1749264818,2.11500000,463.43000000,2.149
1749264818,2.11400000,1983.71000000,2.149
1749264818,2.11300000,463.43000000,2.149
1749264818,2.11200000,1415.24000000,2.149
1749264818,2.11100000,463.44000000,2.149
1749264818,2.11000000,616.27000000,2.149
1749264818,2.10900000,463.44000000,2.149
1749264818,2.10800000,5028.18000000,2.149
1749264818,2.10700000,459.88000000,2.149
1749264818,2.10600000,459.88000000,2.149
1749264818,2.10500000,464.63000000,2.149
1749264818,2.10400000,459.88000000,2.149
1749264818,2.10200000,459.88000000,2.149
1749264818,2.10100000,459.88000000,2.149
1749264818,2.10000000,459.88000000,2.149
1749264818,2.09900000,1569.72000000,2.149
1749264818,2.09800000,459.88000000,2.149
1749264818,2.09600000,462.90000000,2.149
1749264818,2.09500000,771.66000000,2.149
1749264818,2.09400000,459.88000000,2.149
1749264818,2.09200000,459.88000000,2.149
1749264818,2.09000000,459.88000000,2.149
1749264818,2.08800000,459.88000000,2.149
1749264818,2.08700000,531.74000000,2.149
1749264818,2.08600000,459.88000000,2.149
1749264818,2.08500000,4.79000000,2.149
1749264818,2.08300000,478.80000000,2.149
1749264818,2.08100000,3.04000000,2.149
1749264818,2.08000000,2607.55000000,2.149
1749264818,2.07800000,263.46000000,2.149
1749264818,2.07400000,234.64000000,2.149
1749264818,2.07300000,5.28000000,2.149
1749264818,2.07100000,527.77000000,2.149
1749264818,2.07000000,664.03000000,2.149
1749264818,2.06700000,3.06000000,2.149
1749264818,2.06100000,9.70000000,2.149
1749264818,2.06000000,229.13000000,2.149
1749264818,2.05500000,311.14000000,2.149
1749264818,2.05300000,255.53000000,2.149
1749264818,2.05200000,3.08000000,2.149
1749264818,2.05000000,24013.33000000,2.149
1749264818,2.04700000,50.00000000,2.149
1749264818,2.04400000,6.07000000,2.149
1749264818,2.04300000,28.25000000,2.149
1749264818,2.04200000,466.60000000,2.149
1749264818,2.04000000,16.90000000,2.149
1749264818,2.03800000,1436.36000000,2.149
1749264818,2.03600000,220.00000000,2.149
1749264818,2.03300000,6.14000000,2.149
1749264818,2.03000000,71.50000000,2.149
1749264818,2.02900000,48.00000000,2.149
1749264818,2.02400000,3.12000000,2.149
1749264818,2.02300000,3903.93000000,2.149
1749264818,2.02200000,794.91000000,2.149
1749264818,2.02100000,4.94000000,2.149
1749264818,2.02000000,297.34000000,2.149
1749264818,2.01700000,2.97000000,2.149
1749264818,2.01600000,702.70000000,2.149
1749264818,2.01200000,99.40000000,2.149
1749264818,2.01100000,11.25000000,2.149
1749264818,2.01000000,50292.27000000,2.149
1749264818,2.00900000,119.33000000,2.149
1749264818,2.00700000,264.20000000,2.149
1749264818,2.00500000,44.43000000,2.149
1749264818,2.00400000,3.50000000,2.149
1749264818,2.00100000,68.67000000,2.149
1749265119,2.15200000,1121.60000000,2.152
1749265119,2.15100000,2340.18000000,2.152
1749265119,2.15000000,3746.98000000,2.152
1749265119,2.14900000,2562.94000000,2.152
1749265119,2.14800000,5877.20000000,2.152
1749265119,2.14700000,3995.12000000,2.152
1749265119,2.14600000,2382.89000000,2.152
1749265119,2.14500000,1150.10000000,2.152
1749265119,2.14400000,73630.45000000,2.152
1749265119,2.14300000,836.36000000,2.152
1749265119,2.14200000,2982.46000000,2.152
1749265119,2.14100000,2943.75000000,2.152
1749265119,2.14000000,2925.26000000,2.152
1749265119,2.13900000,2251.81000000,2.152
1749265119,2.13800000,974.75000000,2.152
1749265119,2.13700000,812.52000000,2.152
1749265119,2.13600000,3733.70000000,2.152
1749265119,2.13500000,2771.87000000,2.152
1749265119,2.13400000,156662.76000000,2.152
1749265119,2.13300000,688.40000000,2.152
1749265119,2.13200000,826.36000000,2.152
1749265119,2.13100000,688.40000000,2.152
1749265119,2.13000000,2483.53000000,2.152
1749265119,2.12900000,1787.66000000,2.152
1749265119,2.12800000,796.37000000,2.152
1749265119,2.12700000,3992.02000000,2.152
1749265119,2.12600000,886.88000000,2.152
1749265119,2.12500000,664.39000000,2.152
1749265119,2.12400000,607.07000000,2.152
1749265119,2.12300000,463.42000000,2.152
1749265119,2.12200000,579.46000000,2.152
1749265119,2.12100000,463.42000000,2.152
1749265119,2.12000000,601.38000000,2.152
1749265119,2.11900000,3877.17000000,2.152
1749265119,2.11800000,5975.51000000,2.152
1749265119,2.11700000,22336.77000000,2.152
1749265119,2.11600000,54211.31000000,2.152
1749265119,2.11500000,463.43000000,2.152
1749265119,2.11400000,1983.71000000,2.152
1749265119,2.11300000,459.88000000,2.152
1749265119,2.11200000,465.61000000,2.152
1749265119,2.11100000,459.88000000,2.152
1749265119,2.11000000,474.75000000,2.152
1749265119,2.10900000,459.88000000,2.152
1749265119,2.10800000,459.88000000,2.152
1749265119,2.10700000,459.88000000,2.152
1749265119,2.10600000,459.88000000,2.152
1749265119,2.10500000,464.63000000,2.152
1749265119,2.10200000,459.88000000,2.152
1749265119,2.10100000,812.35000000,2.152
1749265119,2.10000000,459.88000000,2.152
1749265119,2.09900000,1569.72000000,2.152
1749265119,2.09800000,459.88000000,2.152
1749265119,2.09600000,462.90000000,2.152
1749265119,2.09400000,459.88000000,2.152
1749265119,2.09200000,459.88000000,2.152
1749265119,2.09000000,459.88000000,2.152
1749265119,2.08700000,531.74000000,2.152
1749265119,2.08500000,4.79000000,2.152
1749265119,2.08300000,239.40000000,2.152
1749265119,2.08100000,3.04000000,2.152
1749265119,2.08000000,2607.55000000,2.152
1749265119,2.07800000,263.46000000,2.152
1749265119,2.07400000,234.64000000,2.152
1749265119,2.07300000,5.28000000,2.152
1749265119,2.07100000,527.77000000,2.152
1749265119,2.07000000,664.03000000,2.152
1749265119,2.06700000,3.06000000,2.152
1749265119,2.06100000,9.70000000,2.152
1749265119,2.06000000,229.13000000,2.152
1749265119,2.05500000,311.14000000,2.152
1749265119,2.05300000,255.53000000,2.152
1749265119,2.05200000,3.08000000,2.152
1749265119,2.05000000,24069.02000000,2.152
1749265119,2.04700000,50.00000000,2.152
1749265119,2.04600000,461.00000000,2.152
1749265119,2.04400000,6.07000000,2.152
1749265119,2.04300000,28.25000000,2.152
1749265119,2.04200000,466.60000000,2.152
1749265119,2.04000000,16.90000000,2.152
1749265119,2.03800000,1436.36000000,2.152
1749265119,2.03600000,220.00000000,2.152
1749265119,2.03300000,6.14000000,2.152
1749265119,2.03000000,71.50000000,2.152
1749265119,2.02900000,48.00000000,2.152
1749265119,2.02400000,3.12000000,2.152
1749265119,2.02300000,3903.93000000,2.152
1749265119,2.02200000,794.91000000,2.152
1749265119,2.02100000,4.94000000,2.152
1749265119,2.02000000,297.34000000,2.152
1749265119,2.01700000,2.97000000,2.152
1749265119,2.01600000,702.70000000,2.152
1749265119,2.01200000,99.40000000,2.152
1749265119,2.01100000,11.25000000,2.152
1749265119,2.01000000,50292.27000000,2.152
1749265119,2.00900000,119.33000000,2.152
1749265119,2.00700000,264.20000000,2.152
1749265119,2.00500000,44.43000000,2.152
1749265119,2.00400000,3.50000000,2.152
1749265119,2.00100000,68.67000000,2.152
1749265421,2.15500000,1587.16000000,2.155
1749265421,2.15400000,1926.37000000,2.155
1749265421,2.15300000,3520.69000000,2.155
1749265421,2.15200000,4944.89000000,2.155
1749265421,2.15100000,5229.37000000,2.155
1749265421,2.15000000,3975.81000000,2.155
1749265421,2.14900000,2324.00000000,2.155
1749265421,2.14800000,1798.82000000,2.155
1749265421,2.14700000,1024.92000000,2.155
1749265421,2.14600000,71343.47000000,2.155
1749265421,2.14500000,2339.33000000,2.155
1749265421,2.14400000,2851.26000000,2.155
1749265421,2.14300000,836.36000000,2.155
1749265421,2.14200000,2598.57000000,2.155
1749265421,2.14100000,2943.75000000,2.155
1749265421,2.14000000,2499.08000000,2.155
1749265421,2.13900000,836.72000000,2.155
1749265421,2.13800000,154238.76000000,2.155
1749265421,2.13700000,2229.53000000,2.155
1749265421,2.13600000,6001.27000000,2.155
1749265421,2.13500000,2626.78000000,2.155
1749265421,2.13400000,826.36000000,2.155
1749265421,2.13300000,688.40000000,2.155
1749265421,2.13200000,826.36000000,2.155
1749265421,2.13100000,688.40000000,2.155
1749265421,2.13000000,2488.72000000,2.155
1749265421,2.12900000,1787.66000000,2.155
1749265421,2.12800000,4210.12000000,2.155
1749265421,2.12700000,3767.02000000,2.155
1749265421,2.12600000,661.88000000,2.155
1749265421,2.12500000,466.39000000,2.155
1749265421,2.12400000,607.07000000,2.155
1749265421,2.12300000,470.41000000,2.155
1749265421,2.12200000,579.46000000,2.155
1749265421,2.12100000,463.42000000,2.155
1749265421,2.12000000,601.38000000,2.155
1749265421,2.11900000,463.42000000,2.155
1749265421,2.11800000,5975.51000000,2.155
1749265421,2.11700000,22336.77000000,2.155
1749265421,2.11600000,54211.31000000,2.155
1749265421,2.11500000,463.43000000,2.155
1749265421,2.11400000,1835.18000000,2.155
1749265421,2.11300000,459.88000000,2.155
1749265421,2.11200000,465.61000000,2.155
1749265421,2.11100000,459.88000000,2.155
1749265421,2.11000000,474.75000000,2.155
1749265421,2.10900000,459.88000000,2.155
1749265421,2.10800000,459.88000000,2.155
1749265421,2.10700000,459.88000000,2.155
1749265421,2.10500000,996.37000000,2.155
1749265421,2.10200000,459.88000000,2.155
1749265421,2.10100000,812.35000000,2.155
1749265421,2.10000000,459.88000000,2.155
1749265421,2.09900000,1569.72000000,2.155
1749265421,2.09800000,459.88000000,2.155
1749265421,2.09600000,462.90000000,2.155
1749265421,2.09400000,459.88000000,2.155
1749265421,2.09200000,459.88000000,2.155
1749265421,2.08500000,4.79000000,2.155
1749265421,2.08300000,239.40000000,2.155
1749265421,2.08100000,3.04000000,2.155
1749265421,2.08000000,2607.55000000,2.155
1749265421,2.07800000,263.46000000,2.155
1749265421,2.07400000,234.64000000,2.155
1749265421,2.07300000,5.28000000,2.155
1749265421,2.07100000,585.86000000,2.155
1749265421,2.07000000,664.03000000,2.155
1749265421,2.06700000,3.06000000,2.155
1749265421,2.06100000,9.70000000,2.155
1749265421,2.06000000,229.13000000,2.155
1749265421,2.05500000,311.14000000,2.155
1749265421,2.05300000,255.53000000,2.155
1749265421,2.05200000,3.08000000,2.155
1749265421,2.05000000,24069.02000000,2.155
1749265421,2.04700000,50.00000000,2.155
1749265421,2.04600000,461.00000000,2.155
1749265421,2.04400000,6.07000000,2.155
1749265421,2.04300000,28.25000000,2.155
1749265421,2.04200000,466.60000000,2.155
1749265421,2.04000000,16.90000000,2.155
1749265421,2.03800000,1436.36000000,2.155
1749265421,2.03600000,220.00000000,2.155
1749265421,2.03300000,6.14000000,2.155
1749265421,2.03000000,71.50000000,2.155
1749265421,2.02900000,48.00000000,2.155
1749265421,2.02400000,3.12000000,2.155
1749265421,2.02300000,3903.93000000,2.155
1749265421,2.02200000,794.91000000,2.155
1749265421,2.02100000,4.94000000,2.155
1749265421,2.02000000,297.34000000,2.155
1749265421,2.01700000,2.97000000,2.155
1749265421,2.01600000,702.70000000,2.155
1749265421,2.01200000,99.40000000,2.155
1749265421,2.01100000,11.25000000,2.155
1749265421,2.01000000,50292.27000000,2.155
1749265421,2.00900000,119.33000000,2.155
1749265421,2.00700000,264.20000000,2.155
1749265421,2.00500000,44.43000000,2.155
1749265421,2.00400000,3.50000000,2.155
1749265421,2.00100000,68.67000000,2.155
1749265727,2.15300000,706.21000000,2.153
1749265727,2.15200000,2357.81000000,2.153
1749265727,2.15100000,3263.10000000,2.153
1749265727,2.15000000,6132.75000000,2.153
1749265727,2.14900000,3547.30000000,2.153
1749265727,2.14800000,3254.99000000,2.153
1749265727,2.14700000,4378.63000000,2.153
1749265727,2.14600000,974.19000000,2.153
1749265727,2.14500000,104479.23000000,2.153
1749265727,2.14400000,3733.14000000,2.153
1749265727,2.14300000,2366.27000000,2.153
1749265727,2.14200000,2251.14000000,2.153
1749265727,2.14100000,1146.00000000,2.153
1749265727,2.14000000,976.69000000,2.153
1749265727,2.13900000,688.39000000,2.153
1749265727,2.13800000,51899.22000000,2.153
1749265727,2.13700000,106046.00000000,2.153
1749265727,2.13600000,842.73000000,2.153
1749265727,2.13500000,2180.63000000,2.153
1749265727,2.13400000,3013.39000000,2.153
1749265727,2.13300000,688.40000000,2.153
1749265727,2.13200000,826.36000000,2.153
1749265727,2.13100000,748.77000000,2.153
1749265727,2.13000000,1458.54000000,2.153
1749265727,2.12900000,1562.66000000,2.153
1749265727,2.12800000,601.37000000,2.153
1749265727,2.12700000,463.41000000,2.153
1749265727,2.12600000,1070.91000000,2.153
1749265727,2.12500000,5255.44000000,2.153
1749265727,2.12400000,84616.02000000,2.153
1749265727,2.12300000,470.41000000,2.153
1749265727,2.12200000,562.38000000,2.153
1749265727,2.12100000,463.42000000,2.153
1749265727,2.12000000,601.38000000,2.153
1749265727,2.11900000,459.88000000,2.153
1749265727,2.11800000,459.88000000,2.153
1749265727,2.11700000,459.88000000,2.153
1749265727,2.11600000,459.88000000,2.153
1749265727,2.11500000,459.88000000,2.153
1749265727,2.11400000,459.88000000,2.153
1749265727,2.11300000,459.88000000,2.153
1749265727,2.11200000,465.61000000,2.153
1749265727,2.11100000,459.88000000,2.153
1749265727,2.11000000,481.84000000,2.153
1749265727,2.10900000,2047.55000000,2.153
1749265727,2.10800000,809.65000000,2.153
1749265727,2.10700000,459.88000000,2.153
1749265727,2.10500000,996.37000000,2.153
1749265727,2.10200000,459.88000000,2.153
1749265727,2.10000000,459.88000000,2.153
1749265727,2.09800000,459.88000000,2.153
1749265727,2.09600000,3.02000000,2.153
1749265727,2.08500000,4.79000000,2.153
1749265727,2.08100000,3.04000000,2.153
1749265727,2.08000000,2607.55000000,2.153
1749265727,2.07800000,24.06000000,2.153
1749265727,2.07400000,234.64000000,2.153
1749265727,2.07300000,5.28000000,2.153
1749265727,2.07100000,585.86000000,2.153
1749265727,2.07000000,664.03000000,2.153
1749265727,2.06700000,3.06000000,2.153
1749265727,2.06100000,9.70000000,2.153
1749265727,2.06000000,229.13000000,2.153
1749265727,2.05500000,311.14000000,2.153
1749265727,2.05400000,465.61000000,2.153
1749265727,2.05300000,255.53000000,2.153
1749265727,2.05200000,3.08000000,2.153
1749265727,2.05100000,4568.30000000,2.153
1749265727,2.05000000,24069.02000000,2.153
1749265727,2.04700000,50.00000000,2.153
1749265727,2.04600000,461.00000000,2.153
1749265727,2.04400000,6.07000000,2.153
1749265727,2.04300000,28.25000000,2.153
1749265727,2.04200000,466.60000000,2.153
1749265727,2.04000000,16.90000000,2.153
1749265727,2.03800000,969.36000000,2.153
1749265727,2.03600000,220.00000000,2.153
1749265727,2.03300000,6.14000000,2.153
1749265727,2.03000000,71.50000000,2.153
1749265727,2.02900000,48.00000000,2.153
1749265727,2.02400000,3.12000000,2.153
1749265727,2.02300000,3903.93000000,2.153
1749265727,2.02200000,794.91000000,2.153
1749265727,2.02100000,4.94000000,2.153
1749265727,2.02000000,297.34000000,2.153
1749265727,2.01700000,2.97000000,2.153
1749265727,2.01600000,702.70000000,2.153
1749265727,2.01200000,99.40000000,2.153
1749265727,2.01100000,11.25000000,2.153
1749265727,2.01000000,50292.27000000,2.153
1749265727,2.00900000,119.33000000,2.153
1749265727,2.00700000,264.20000000,2.153
1749265727,2.00500000,44.43000000,2.153
1749265727,2.00400000,3.50000000,2.153
1749265727,2.00100000,68.67000000,2.153
1749265727,2.00000000,13126.12000000,2.153
1749265727,1.99900000,225.11000000,2.153
1749265727,1.99600000,3.17000000,2.153
1749265727,1.99500000,20.05000000,2.153
1749265727,1.99400000,14.46000000,2.153
1749266029,2.15700000,839.99000000,2.157
1749266029,2.15600000,1780.09000000,2.157
1749266029,2.15500000,3816.81000000,2.157
1749266029,2.15400000,6751.49000000,2.157
1749266029,2.15300000,6517.64000000,2.157
1749266029,2.15200000,3457.73000000,2.157
1749266029,2.15100000,1344.88000000,2.157
1749266029,2.15000000,2396.46000000,2.157
1749266029,2.14900000,836.01000000,2.157
1749266029,2.14800000,104643.76000000,2.157
1749266029,2.14700000,3390.66000000,2.157
1749266029,2.14600000,974.19000000,2.157
1749266029,2.14500000,2876.00000000,2.157
1749266029,2.14400000,5143.08000000,2.157
1749266029,2.14300000,1040.67000000,2.157
1749266029,2.14200000,53310.57000000,2.157
1749266029,2.14100000,1633.76000000,2.157
1749266029,2.14000000,976.69000000,2.157
1749266029,2.13900000,688.39000000,2.157
1749266029,2.13800000,105433.14000000,2.157
1749266029,2.13700000,2633.77000000,2.157
1749266029,2.13600000,842.73000000,2.157
1749266029,2.13500000,2243.70000000,2.157
1749266029,2.13400000,3013.39000000,2.157
1749266029,2.13300000,463.40000000,2.157
1749266029,2.13200000,601.36000000,2.157
1749266029,2.13100000,523.77000000,2.157
1749266029,2.13000000,601.36000000,2.157
1749266029,2.12900000,1562.66000000,2.157
1749266029,2.12800000,601.37000000,2.157
1749266029,2.12700000,463.41000000,2.157
1749266029,2.12600000,601.37000000,2.157
1749266029,2.12500000,5255.44000000,2.157
1749266029,2.12400000,89184.32000000,2.157
1749266029,2.12300000,470.41000000,2.157
1749266029,2.12200000,562.38000000,2.157
1749266029,2.12100000,463.42000000,2.157
1749266029,2.12000000,1068.36000000,2.157
1749266029,2.11900000,459.88000000,2.157
1749266029,2.11800000,459.88000000,2.157
1749266029,2.11700000,459.88000000,2.157
1749266029,2.11600000,459.88000000,2.157
1749266029,2.11500000,459.88000000,2.157
1749266029,2.11400000,459.88000000,2.157
1749266029,2.11300000,459.88000000,2.157
1749266029,2.11200000,465.61000000,2.157
1749266029,2.11100000,459.88000000,2.157
1749266029,2.11000000,474.75000000,2.157
1749266029,2.10900000,2047.55000000,2.157
1749266029,2.10800000,809.65000000,2.157
1749266029,2.10700000,459.88000000,2.157
1749266029,2.10500000,996.37000000,2.157
1749266029,2.10200000,459.88000000,2.157
1749266029,2.10000000,459.88000000,2.157
1749266029,2.09800000,459.88000000,2.157
1749266029,2.09600000,3.02000000,2.157
1749266029,2.08500000,4.79000000,2.157
1749266029,2.08100000,3.04000000,2.157
1749266029,2.08000000,2607.55000000,2.157
1749266029,2.07800000,24.06000000,2.157
1749266029,2.07400000,234.64000000,2.157
1749266029,2.07300000,5.28000000,2.157
1749266029,2.07100000,585.86000000,2.157
1749266029,2.07000000,664.03000000,2.157
1749266029,2.06700000,3.06000000,2.157
1749266029,2.06100000,9.70000000,2.157
1749266029,2.06000000,229.13000000,2.157
1749266029,2.05500000,311.14000000,2.157
1749266029,2.05400000,463.28000000,2.157
1749266029,2.05300000,255.53000000,2.157
1749266029,2.05200000,3.08000000,2.157
1749266029,2.05000000,24069.02000000,2.157
1749266029,2.04700000,50.00000000,2.157
1749266029,2.04600000,461.00000000,2.157
1749266029,2.04400000,6.07000000,2.157
1749266029,2.04300000,28.25000000,2.157
1749266029,2.04200000,466.60000000,2.157
1749266029,2.04000000,16.90000000,2.157
1749266029,2.03800000,969.36000000,2.157
1749266029,2.03600000,220.00000000,2.157
1749266029,2.03300000,6.14000000,2.157
1749266029,2.03000000,71.50000000,2.157
1749266029,2.02900000,48.00000000,2.157
1749266029,2.02400000,3.12000000,2.157
1749266029,2.02300000,3903.93000000,2.157
1749266029,2.02200000,794.91000000,2.157
1749266029,2.02100000,4.94000000,2.157
1749266029,2.02000000,297.34000000,2.157
1749266029,2.01700000,2.97000000,2.157
1749266029,2.01600000,702.70000000,2.157
1749266029,2.01200000,99.40000000,2.157
1749266029,2.01100000,11.25000000,2.157
1749266029,2.01000000,50292.27000000,2.157
1749266029,2.00900000,119.33000000,2.157
1749266029,2.00700000,264.20000000,2.157
1749266029,2.00500000,44.43000000,2.157
1749266029,2.00400000,3.50000000,2.157
1749266029,2.00100000,68.67000000,2.157
1749266029,2.00000000,13126.12000000,2.157
1749266029,1.99900000,225.11000000,2.157
1749266330,2.15000000,924.97000000,2.15
1749266330,2.14900000,3690.91000000,2.15
1749266330,2.14800000,5774.31000000,2.15
1749266330,2.14700000,8340.04000000,2.15
1749266330,2.14600000,4736.47000000,2.15
1749266330,2.14500000,3048.85000000,2.15
1749266330,2.14400000,3641.01000000,2.15
1749266330,2.14300000,2451.98000000,2.15
1749266330,2.14200000,99087.95000000,2.15
1749266330,2.14100000,1608.12000000,2.15
1749266330,2.14000000,4161.08000000,2.15
1749266330,2.13900000,2496.47000000,2.15
1749266330,2.13800000,970.43000000,2.15
1749266330,2.13700000,1919.56000000,2.15
1749266330,2.13600000,1641.77000000,2.15
1749266330,2.13500000,2623.26000000,2.15
1749266330,2.13400000,157268.89000000,2.15
1749266330,2.13300000,1121.64000000,2.15
1749266330,2.13200000,826.36000000,2.15
1749266330,2.13100000,3016.34000000,2.15
1749266330,2.13000000,1686.51000000,2.15
1749266330,2.12900000,1787.66000000,2.15
1749266330,2.12800000,826.37000000,2.15
1749266330,2.12700000,463.41000000,2.15
1749266330,2.12600000,601.37000000,2.15
1749266330,2.12500000,2644.87000000,2.15
1749266330,2.12400000,607.07000000,2.15
1749266330,2.12300000,470.41000000,2.15
1749266330,2.12200000,562.38000000,2.15
1749266330,2.12100000,463.42000000,2.15
1749266330,2.12000000,1068.36000000,2.15
1749266330,2.11900000,3873.63000000,2.15
1749266330,2.11800000,82194.18000000,2.15
1749266330,2.11700000,459.88000000,2.15
1749266330,2.11600000,459.88000000,2.15
1749266330,2.11500000,459.88000000,2.15
1749266330,2.11400000,459.88000000,2.15
1749266330,2.11300000,459.88000000,2.15
1749266330,2.11200000,465.61000000,2.15
1749266330,2.11100000,459.88000000,2.15
1749266330,2.11000000,14.87000000,2.15
1749266330,2.10900000,2047.55000000,2.15
1749266330,2.10700000,1269.92000000,2.15
1749266330,2.10500000,996.37000000,2.15
1749266330,2.10200000,459.88000000,2.15
1749266330,2.10000000,459.88000000,2.15
1749266330,2.09800000,459.88000000,2.15
1749266330,2.09600000,3.02000000,2.15
1749266330,2.08500000,4.79000000,2.15
1749266330,2.08100000,3.04000000,2.15
1749266330,2.08000000,2607.55000000,2.15
1749266330,2.07800000,24.06000000,2.15
1749266330,2.07400000,234.64000000,2.15
1749266330,2.07300000,5.28000000,2.15
1749266330,2.07100000,585.86000000,2.15
1749266330,2.07000000,664.03000000,2.15
1749266330,2.06700000,3.06000000,2.15
1749266330,2.06100000,9.70000000,2.15
1749266330,2.06000000,446.64000000,2.15
1749266330,2.05500000,311.14000000,2.15
1749266330,2.05300000,255.53000000,2.15
1749266330,2.05200000,3.08000000,2.15
1749266330,2.05000000,24069.02000000,2.15
1749266330,2.04700000,50.00000000,2.15
1749266330,2.04600000,461.00000000,2.15
1749266330,2.04400000,6.07000000,2.15
1749266330,2.04300000,28.25000000,2.15
1749266330,2.04200000,466.60000000,2.15
1749266330,2.04000000,16.90000000,2.15
1749266330,2.03800000,1432.76000000,2.15
1749266330,2.03300000,6.14000000,2.15
1749266330,2.03000000,71.50000000,2.15
1749266330,2.02900000,48.00000000,2.15
1749266330,2.02400000,3.12000000,2.15
1749266330,2.02300000,3903.93000000,2.15
1749266330,2.02200000,794.91000000,2.15
1749266330,2.02100000,4.94000000,2.15
1749266330,2.02000000,297.34000000,2.15
1749266330,2.01700000,2.97000000,2.15
1749266330,2.01600000,702.70000000,2.15
1749266330,2.01200000,99.40000000,2.15
1749266330,2.01100000,11.25000000,2.15
1749266330,2.01000000,50292.27000000,2.15
1749266330,2.00900000,119.33000000,2.15
1749266330,2.00700000,264.20000000,2.15
1749266330,2.00500000,44.43000000,2.15
1749266330,2.00400000,3.50000000,2.15
1749266330,2.00100000,68.67000000,2.15
1749266330,2.00000000,13126.12000000,2.15
1749266330,1.99900000,225.11000000,2.15
1749266330,1.99600000,3.17000000,2.15
1749266330,1.99500000,20.05000000,2.15
1749266330,1.99400000,14.46000000,2.15
1749266330,1.99300000,2.68000000,2.15
1749266330,1.99000000,12.55000000,2.15
1749266330,1.98900000,6.42000000,2.15
1749266330,1.98200000,3.19000000,2.15
1749266330,1.98000000,35.25000000,2.15
1749266330,1.97800000,6.50000000,2.15
1749266330,1.97600000,5.06000000,2.15
1749266640,2.15300000,1878.04000000,2.153
1749266640,2.15200000,2267.55000000,2.153
1749266640,2.15100000,3545.69000000,2.153
1749266640,2.15000000,6542.73000000,2.153
1749266640,2.14900000,4373.59000000,2.153
1749266640,2.14800000,5392.99000000,2.153
1749266640,2.14700000,2085.35000000,2.153
1749266640,2.14600000,1053.87000000,2.153
1749266640,2.14500000,875.10000000,2.153
1749266640,2.14400000,82068.24000000,2.153
1749266640,2.14300000,1286.87000000,2.153
1749266640,2.14200000,2756.23000000,2.153
1749266640,2.14100000,3253.17000000,2.153
1749266640,2.14000000,3829.32000000,2.153
1749266640,2.13900000,3978.22000000,2.153
1749266640,2.13800000,973.93000000,2.153
1749266640,2.13700000,811.70000000,2.153
1749266640,2.13600000,1769.54000000,2.153
1749266640,2.13500000,2767.54000000,2.153
1749266640,2.13400000,157869.12000000,2.153
1749266640,2.13300000,1121.76000000,2.153
1749266640,2.13200000,3093.93000000,2.153
1749266640,2.13100000,1786.62000000,2.153
1749266640,2.13000000,826.36000000,2.153
1749266640,2.12900000,688.41000000,2.153
1749266640,2.12800000,1717.43000000,2.153
1749266640,2.12700000,463.41000000,2.153
1749266640,2.12600000,661.88000000,2.153
1749266640,2.12500000,2710.99000000,2.153
1749266640,2.12400000,623.55000000,2.153
1749266640,2.12300000,463.42000000,2.153
1749266640,2.12200000,562.38000000,2.153
1749266640,2.12100000,463.42000000,2.153
1749266640,2.12000000,1118.86000000,2.153
1749266640,2.11900000,9247.38000000,2.153
1749266640,2.11800000,77625.88000000,2.153
1749266640,2.11700000,459.88000000,2.153
1749266640,2.11600000,459.88000000,2.153
1749266640,2.11500000,459.88000000,2.153
1749266640,2.11400000,459.88000000,2.153
1749266640,2.11300000,466.90000000,2.153
1749266640,2.11200000,465.61000000,2.153
1749266640,2.11100000,459.88000000,2.153
1749266640,2.11000000,14.87000000,2.153
1749266640,2.10900000,459.88000000,2.153
1749266640,2.10800000,2.85000000,2.153
1749266640,2.10700000,1269.92000000,2.153
1749266640,2.10500000,996.37000000,2.153
1749266640,2.10200000,459.88000000,2.153
1749266640,2.10000000,459.88000000,2.153
1749266640,2.09900000,1587.79000000,2.153
1749266640,2.09800000,459.88000000,2.153
1749266640,2.09600000,3.02000000,2.153
1749266640,2.08500000,4.79000000,2.153
1749266640,2.08100000,3.04000000,2.153
1749266640,2.08000000,2607.55000000,2.153
1749266640,2.07800000,24.06000000,2.153
1749266640,2.07400000,234.64000000,2.153
1749266640,2.07300000,5.28000000,2.153
1749266640,2.07100000,585.86000000,2.153
1749266640,2.07000000,664.03000000,2.153
1749266640,2.06700000,3.06000000,2.153
1749266640,2.06500000,3.87000000,2.153
1749266640,2.06100000,9.70000000,2.153
1749266640,2.06000000,446.64000000,2.153
1749266640,2.05500000,311.14000000,2.153
1749266640,2.05300000,255.53000000,2.153
1749266640,2.05200000,3.08000000,2.153
1749266640,2.05000000,24069.02000000,2.153
1749266640,2.04700000,50.00000000,2.153
1749266640,2.04600000,461.00000000,2.153
1749266640,2.04400000,6.07000000,2.153
1749266640,2.04300000,28.25000000,2.153
1749266640,2.04200000,466.60000000,2.153
1749266640,2.04000000,16.90000000,2.153
1749266640,2.03800000,1432.76000000,2.153
1749266640,2.03300000,6.14000000,2.153
1749266640,2.03000000,71.50000000,2.153
1749266640,2.02900000,48.00000000,2.153
1749266640,2.02400000,3.12000000,2.153
1749266640,2.02300000,3903.93000000,2.153
1749266640,2.02200000,799.86000000,2.153
1749266640,2.02100000,4.94000000,2.153
1749266640,2.02000000,244.34000000,2.153
1749266640,2.01700000,2.97000000,2.153
1749266640,2.01600000,702.70000000,2.153
1749266640,2.01200000,99.40000000,2.153
1749266640,2.01100000,11.25000000,2.153
1749266640,2.01000000,50292.27000000,2.153
1749266640,2.00900000,119.33000000,2.153
1749266640,2.00700000,264.20000000,2.153
1749266640,2.00500000,44.43000000,2.153
1749266640,2.00400000,3.50000000,2.153
1749266640,2.00100000,68.67000000,2.153
1749266640,2.00000000,13126.12000000,2.153
1749266640,1.99900000,225.11000000,2.153
1749266640,1.99600000,3.17000000,2.153
1749266640,1.99500000,20.05000000,2.153
1749266640,1.99400000,14.46000000,2.153
1749266640,1.99300000,2.68000000,2.153
1749266941,2.15200000,1737.87000000,2.152
1749266941,2.15100000,3252.23000000,2.152
1749266941,2.15000000,6694.92000000,2.152
1749266941,2.14900000,5533.81000000,2.152
1749266941,2.14800000,7565.27000000,2.152
1749266941,2.14700000,1357.30000000,2.152
1749266941,2.14600000,3166.56000000,2.152
1749266941,2.14500000,874.94000000,2.152
1749266941,2.14400000,107105.90000000,2.152
1749266941,2.14300000,1521.37000000,2.152
1749266941,2.14200000,1013.13000000,2.152
1749266941,2.14100000,3283.66000000,2.152
1749266941,2.14000000,3735.51000000,2.152
1749266941,2.13900000,2790.33000000,2.152
1749266941,2.13800000,52520.34000000,2.152
1749266941,2.13700000,664.05000000,2.152
1749266941,2.13600000,826.35000000,2.152
1749266941,2.13500000,3648.78000000,2.152
1749266941,2.13400000,105725.55000000,2.152
1749266941,2.13300000,1802.01000000,2.152
1749266941,2.13200000,601.36000000,2.152
1749266941,2.13100000,523.79000000,2.152
1749266941,2.13000000,1459.40000000,2.152
1749266941,2.12900000,463.41000000,2.152
1749266941,2.12800000,1717.43000000,2.152
1749266941,2.12700000,463.41000000,2.152
1749266941,2.12600000,1404.17000000,2.152
1749266941,2.12500000,5255.44000000,2.152
1749266941,2.12400000,90752.09000000,2.152
1749266941,2.12300000,470.41000000,2.152
1749266941,2.12200000,562.38000000,2.152
1749266941,2.12100000,463.42000000,2.152
1749266941,2.12000000,1118.86000000,2.152
1749266941,2.11900000,459.88000000,2.152
1749266941,2.11800000,459.88000000,2.152
1749266941,2.11700000,459.88000000,2.152
1749266941,2.11600000,459.88000000,2.152
1749266941,2.11500000,459.88000000,2.152
1749266941,2.11400000,459.88000000,2.152
1749266941,2.11300000,459.88000000,2.152
1749266941,2.11200000,465.61000000,2.152
1749266941,2.11100000,459.88000000,2.152
1749266941,2.11000000,14.87000000,2.152
1749266941,2.10900000,459.88000000,2.152
1749266941,2.10800000,2.85000000,2.152
1749266941,2.10700000,1269.92000000,2.152
1749266941,2.10500000,996.37000000,2.152
1749266941,2.10200000,459.88000000,2.152
1749266941,2.10000000,459.88000000,2.152
1749266941,2.09900000,1587.79000000,2.152
1749266941,2.09800000,459.88000000,2.152
1749266941,2.09600000,3.02000000,2.152
1749266941,2.08500000,4.79000000,2.152
1749266941,2.08100000,3.04000000,2.152
1749266941,2.08000000,2607.55000000,2.152
1749266941,2.07800000,24.06000000,2.152
1749266941,2.07400000,234.64000000,2.152
1749266941,2.07300000,5.28000000,2.152
1749266941,2.07100000,585.86000000,2.152
1749266941,2.07000000,664.03000000,2.152
1749266941,2.06700000,3.06000000,2.152
1749266941,2.06500000,3.87000000,2.152
1749266941,2.06100000,9.70000000,2.152
1749266941,2.06000000,446.64000000,2.152
1749266941,2.05500000,311.14000000,2.152
1749266941,2.05300000,255.53000000,2.152
1749266941,2.05200000,3.08000000,2.152
1749266941,2.05100000,4568.30000000,2.152
1749266941,2.05000000,24069.02000000,2.152
1749266941,2.04700000,50.00000000,2.152
1749266941,2.04600000,461.00000000,2.152
1749266941,2.04400000,6.07000000,2.152
1749266941,2.04300000,28.25000000,2.152
1749266941,2.04200000,466.60000000,2.152
1749266941,2.04000000,16.90000000,2.152
1749266941,2.03800000,1433.36000000,2.152
1749266941,2.03300000,6.14000000,2.152
1749266941,2.03000000,71.50000000,2.152
1749266941,2.02900000,48.00000000,2.152
1749266941,2.02400000,3.12000000,2.152
1749266941,2.02300000,3903.93000000,2.152
1749266941,2.02200000,799.86000000,2.152
1749266941,2.02100000,4.94000000,2.152
1749266941,2.02000000,244.34000000,2.152
1749266941,2.01700000,2.97000000,2.152
1749266941,2.01600000,702.70000000,2.152
1749266941,2.01200000,99.40000000,2.152
1749266941,2.01100000,11.25000000,2.152
1749266941,2.01000000,50292.27000000,2.152
1749266941,2.00900000,119.33000000,2.152
1749266941,2.00700000,264.20000000,2.152
1749266941,2.00500000,44.43000000,2.152
1749266941,2.00400000,3.50000000,2.152
1749266941,2.00100000,68.67000000,2.152
1749266941,2.00000000,13126.12000000,2.152
1749266941,1.99900000,225.11000000,2.152
1749266941,1.99600000,3.17000000,2.152
1749266941,1.99500000,20.05000000,2.152
1749266941,1.99400000,14.46000000,2.152
1749266941,1.99300000,2.68000000,2.152
1749267243,2.14900000,597.25000000,2.149
1749267243,2.14800000,1625.68000000,2.149
1749267243,2.14700000,3924.54000000,2.149
1749267243,2.14600000,4897.58000000,2.149
1749267243,2.14500000,6343.95000000,2.149
1749267243,2.14400000,5573.44000000,2.149
1749267243,2.14300000,3351.66000000,2.149
1749267243,2.14200000,1323.55000000,2.149
1749267243,2.14100000,3176.30000000,2.149
1749267243,2.14000000,106630.83000000,2.149
1749267243,2.13900000,2858.11000000,2.149
1749267243,2.13800000,1400.20000000,2.149
1749267243,2.13700000,2637.17000000,2.149
1749267243,2.13600000,1872.77000000,2.149
1749267243,2.13500000,2767.52000000,2.149
1749267243,2.13400000,54627.33000000,2.149
1749267243,2.13300000,4486.52000000,2.149
1749267243,2.13200000,601.36000000,2.149
1749267243,2.13100000,463.40000000,2.149
1749267243,2.13000000,103595.60000000,2.149
1749267243,2.12900000,463.41000000,2.149
1749267243,2.12800000,1717.43000000,2.149
1749267243,2.12700000,463.41000000,2.149
1749267243,2.12600000,678.35000000,2.149
1749267243,2.12500000,2714.17000000,2.149
1749267243,2.12400000,1184.23000000,2.149
1749267243,2.12300000,463.42000000,2.149
1749267243,2.12200000,562.38000000,2.149
1749267243,2.12100000,1268.11000000,2.149
1749267243,2.12000000,1118.86000000,2.149
1749267243,2.11900000,852.25000000,2.149
1749267243,2.11800000,459.88000000,2.149
1749267243,2.11700000,459.88000000,2.149
1749267243,2.11600000,8687.05000000,2.149
1749267243,2.11500000,72843.16000000,2.149
1749267243,2.11400000,5059.32000000,2.149
1749267243,2.11300000,459.88000000,2.149
1749267243,2.11200000,465.61000000,2.149
1749267243,2.11100000,459.88000000,2.149
1749267243,2.11000000,14.87000000,2.149
1749267243,2.10900000,459.88000000,2.149
1749267243,2.10800000,2.85000000,2.149
1749267243,2.10700000,1269.92000000,2.149
1749267243,2.10500000,996.37000000,2.149
1749267243,2.10200000,459.88000000,2.149
1749267243,2.10000000,459.88000000,2.149
1749267243,2.09900000,1587.79000000,2.149
1749267243,2.09800000,459.88000000,2.149
1749267243,2.09600000,3.02000000,2.149
1749267243,2.08500000,4.79000000,2.149
1749267243,2.08100000,3.04000000,2.149
1749267243,2.08000000,2368.15000000,2.149
1749267243,2.07800000,24.06000000,2.149
1749267243,2.07400000,234.64000000,2.149
1749267243,2.07300000,5.28000000,2.149
1749267243,2.07100000,585.86000000,2.149
1749267243,2.07000000,664.03000000,2.149
1749267243,2.06700000,3.06000000,2.149
1749267243,2.06500000,3.87000000,2.149
1749267243,2.06100000,9.70000000,2.149
1749267243,2.06000000,446.64000000,2.149
1749267243,2.05500000,311.14000000,2.149
1749267243,2.05300000,255.53000000,2.149
1749267243,2.05200000,3.08000000,2.149
1749267243,2.05000000,24069.02000000,2.149
1749267243,2.04700000,50.00000000,2.149
1749267243,2.04600000,461.00000000,2.149
1749267243,2.04400000,6.07000000,2.149
1749267243,2.04300000,28.25000000,2.149
1749267243,2.04200000,466.60000000,2.149
1749267243,2.04000000,16.90000000,2.149
1749267243,2.03800000,1433.36000000,2.149
1749267243,2.03300000,6.14000000,2.149
1749267243,2.03000000,71.50000000,2.149
1749267243,2.02900000,48.00000000,2.149
1749267243,2.02400000,3.12000000,2.149
1749267243,2.02300000,3903.93000000,2.149
1749267243,2.02200000,799.86000000,2.149
1749267243,2.02100000,4.94000000,2.149
1749267243,2.02000000,244.34000000,2.149
1749267243,2.01700000,2.97000000,2.149
1749267243,2.01600000,702.70000000,2.149
1749267243,2.01200000,99.40000000,2.149
1749267243,2.01100000,11.25000000,2.149
1749267243,2.01000000,50292.27000000,2.149
1749267243,2.00900000,119.33000000,2.149
1749267243,2.00700000,264.20000000,2.149
1749267243,2.00500000,44.43000000,2.149
1749267243,2.00400000,3.50000000,2.149
1749267243,2.00100000,68.67000000,2.149
1749267243,2.00000000,13126.12000000,2.149
1749267243,1.99900000,225.11000000,2.149
1749267243,1.99600000,3.17000000,2.149
1749267243,1.99500000,20.05000000,2.149
1749267243,1.99400000,14.46000000,2.149
1749267243,1.99300000,2.68000000,2.149
1749267243,1.99000000,12.55000000,2.149
1749267243,1.98900000,6.42000000,2.149
1749267243,1.98200000,3.19000000,2.149
1749267243,1.98000000,35.25000000,2.149
1749267544,2.15300000,947.73000000,2.153
1749267544,2.15200000,1863.35000000,2.153
1749267544,2.15100000,5049.68000000,2.153
1749267544,2.15000000,4943.37000000,2.153
1749267544,2.14900000,5533.94000000,2.153
1749267544,2.14800000,2421.22000000,2.153
1749267544,2.14700000,750.42000000,2.153
1749267544,2.14600000,2975.53000000,2.153
1749267544,2.14500000,105132.06000000,2.153
1749267544,2.14400000,974.32000000,2.153
1749267544,2.14300000,2915.02000000,2.153
1749267544,2.14200000,2251.17000000,2.153
1749267544,2.14100000,3485.90000000,2.153
1749267544,2.14000000,3838.49000000,2.153
1749267544,2.13900000,2358.19000000,2.153
1749267544,2.13800000,1400.20000000,2.153
1749267544,2.13700000,51946.30000000,2.153
1749267544,2.13600000,3892.96000000,2.153
1749267544,2.13500000,1156.21000000,2.153
1749267544,2.13400000,105306.53000000,2.153
1749267544,2.13300000,1993.95000000,2.153
1749267544,2.13200000,601.36000000,2.153
1749267544,2.13100000,463.40000000,2.153
1749267544,2.13000000,1463.72000000,2.153
1749267544,2.12900000,463.41000000,2.153
1749267544,2.12800000,1717.43000000,2.153
1749267544,2.12700000,463.41000000,2.153
1749267544,2.12600000,678.35000000,2.153
1749267544,2.12500000,1841.69000000,2.153
1749267544,2.12400000,607.07000000,2.153
1749267544,2.12300000,3877.17000000,2.153
1749267544,2.12200000,32448.14000000,2.153
1749267544,2.12100000,5836.41000000,2.153
1749267544,2.12000000,5489.43000000,2.153
1749267544,2.11900000,459.88000000,2.153
1749267544,2.11800000,459.88000000,2.153
1749267544,2.11700000,459.88000000,2.153
1749267544,2.11600000,459.88000000,2.153
1749267544,2.11500000,459.88000000,2.153
1749267544,2.11400000,466.90000000,2.153
1749267544,2.11300000,459.88000000,2.153
1749267544,2.11200000,465.61000000,2.153
1749267544,2.11100000,459.88000000,2.153
1749267544,2.11000000,14.87000000,2.153
1749267544,2.10900000,459.88000000,2.153
1749267544,2.10800000,2.85000000,2.153
1749267544,2.10700000,1269.92000000,2.153
1749267544,2.10500000,996.37000000,2.153
1749267544,2.10200000,459.88000000,2.153
1749267544,2.10000000,459.88000000,2.153
1749267544,2.09900000,1587.79000000,2.153
1749267544,2.09800000,459.88000000,2.153
1749267544,2.09600000,3.02000000,2.153
1749267544,2.08500000,4.79000000,2.153
1749267544,2.08100000,3.04000000,2.153
1749267544,2.08000000,2368.15000000,2.153
1749267544,2.07800000,24.06000000,2.153
1749267544,2.07400000,234.64000000,2.153
1749267544,2.07300000,5.28000000,2.153
1749267544,2.07100000,585.86000000,2.153
1749267544,2.07000000,664.03000000,2.153
1749267544,2.06700000,3.06000000,2.153
1749267544,2.06500000,3.87000000,2.153
1749267544,2.06100000,9.70000000,2.153
1749267544,2.06000000,446.64000000,2.153
1749267544,2.05500000,311.14000000,2.153
1749267544,2.05300000,255.53000000,2.153
1749267544,2.05200000,3.08000000,2.153
1749267544,2.05000000,24069.02000000,2.153
1749267544,2.04700000,50.00000000,2.153
1749267544,2.04600000,461.00000000,2.153
1749267544,2.04400000,6.07000000,2.153
1749267544,2.04300000,28.25000000,2.153
1749267544,2.04200000,466.60000000,2.153
1749267544,2.04000000,16.90000000,2.153
1749267544,2.03800000,1433.36000000,2.153
1749267544,2.03300000,6.14000000,2.153
1749267544,2.03000000,71.50000000,2.153
1749267544,2.02900000,48.00000000,2.153
1749267544,2.02400000,3.12000000,2.153
1749267544,2.02300000,3903.93000000,2.153
1749267544,2.02200000,799.86000000,2.153
1749267544,2.02100000,4.94000000,2.153
1749267544,2.02000000,244.34000000,2.153
1749267544,2.01700000,2.97000000,2.153
1749267544,2.01600000,702.70000000,2.153
1749267544,2.01200000,99.40000000,2.153
1749267544,2.01100000,11.25000000,2.153
1749267544,2.01000000,50292.27000000,2.153
1749267544,2.00900000,119.33000000,2.153
1749267544,2.00700000,264.20000000,2.153
1749267544,2.00500000,44.43000000,2.153
1749267544,2.00400000,3.50000000,2.153
1749267544,2.00100000,68.67000000,2.153
1749267544,2.00000000,13126.12000000,2.153
1749267544,1.99900000,225.11000000,2.153
1749267544,1.99600000,3.17000000,2.153
1749267544,1.99500000,20.05000000,2.153
1749267544,1.99400000,14.46000000,2.153
1749267544,1.99300000,2.68000000,2.153
1749267846,2.16100000,455.27000000,2.161
1749267846,2.16000000,1381.11000000,2.161
1749267846,2.15900000,3339.38000000,2.161
1749267846,2.15800000,7359.97000000,2.161
1749267846,2.15700000,6521.61000000,2.161
1749267846,2.15600000,4521.46000000,2.161
1749267846,2.15500000,1673.79000000,2.161
1749267846,2.15400000,1091.19000000,2.161
1749267846,2.15300000,835.74000000,2.161
1749267846,2.15200000,84657.07000000,2.161
1749267846,2.15100000,2548.57000000,2.161
1749267846,2.15000000,2942.24000000,2.161
1749267846,2.14900000,2547.39000000,2.161
1749267846,2.14800000,3243.69000000,2.161
1749267846,2.14700000,763.70000000,2.161
1749267846,2.14600000,4581.85000000,2.161
1749267846,2.14500000,53593.31000000,2.161
1749267846,2.14400000,974.32000000,2.161
1749267846,2.14300000,844.18000000,2.161
1749267846,2.14200000,106494.53000000,2.161
1749267846,2.14100000,1922.36000000,2.161
1749267846,2.14000000,604.30000000,2.161
1749267846,2.13900000,4216.37000000,2.161
1749267846,2.13800000,601.35000000,2.161
1749267846,2.13700000,469.05000000,2.161
1749267846,2.13600000,601.35000000,2.161
1749267846,2.13500000,2026.76000000,2.161
1749267846,2.13400000,601.36000000,2.161
1749267846,2.13300000,1560.59000000,2.161
1749267846,2.13200000,601.36000000,2.161
1749267846,2.13100000,523.77000000,2.161
1749267846,2.13000000,601.36000000,2.161
1749267846,2.12900000,463.41000000,2.161
1749267846,2.12800000,1969.95000000,2.161
1749267846,2.12700000,463.41000000,2.161
1749267846,2.12600000,1886.30000000,2.161
1749267846,2.12500000,466.39000000,2.161
1749267846,2.12400000,607.07000000,2.161
1749267846,2.12300000,8452.46000000,2.161
1749267846,2.12200000,32448.14000000,2.161
1749267846,2.12100000,463.42000000,2.161
1749267846,2.12000000,4880.95000000,2.161
1749267846,2.11900000,459.88000000,2.161
1749267846,2.11800000,459.88000000,2.161
1749267846,2.11700000,459.88000000,2.161
1749267846,2.11600000,459.88000000,2.161
1749267846,2.11500000,459.88000000,2.161
1749267846,2.11400000,459.88000000,2.161
1749267846,2.11300000,459.88000000,2.161
1749267846,2.11200000,1806.33000000,2.161
1749267846,2.11100000,459.88000000,2.161
1749267846,2.11000000,14.87000000,2.161
1749267846,2.10900000,2058.61000000,2.161
1749267846,2.10800000,2.85000000,2.161
1749267846,2.10700000,459.88000000,2.161
1749267846,2.10500000,464.63000000,2.161
1749267846,2.10200000,459.88000000,2.161
1749267846,2.10000000,459.88000000,2.161
1749267846,2.09600000,525.41000000,2.161
1749267846,2.08500000,4.79000000,2.161
1749267846,2.08100000,3.04000000,2.161
1749267846,2.08000000,2637.06000000,2.161
1749267846,2.07800000,24.06000000,2.161
1749267846,2.07400000,234.64000000,2.161
1749267846,2.07300000,5.28000000,2.161
1749267846,2.07100000,58.09000000,2.161
1749267846,2.07000000,664.03000000,2.161
1749267846,2.06700000,3.06000000,2.161
1749267846,2.06500000,3.87000000,2.161
1749267846,2.06100000,9.70000000,2.161
1749267846,2.06000000,446.64000000,2.161
1749267846,2.05800000,467.01000000,2.161
1749267846,2.05500000,48.63000000,2.161
1749267846,2.05400000,459.40000000,2.161
1749267846,2.05300000,255.53000000,2.161
1749267846,2.05200000,3.08000000,2.161
1749267846,2.05000000,24069.02000000,2.161
1749267846,2.04700000,50.00000000,2.161
1749267846,2.04600000,461.00000000,2.161
1749267846,2.04400000,6.07000000,2.161
1749267846,2.04300000,28.25000000,2.161
1749267846,2.04000000,16.90000000,2.161
1749267846,2.03800000,969.36000000,2.161
1749267846,2.03300000,6.14000000,2.161
