timestamp,price,volume,current_price
1749258475,0.23510000,1841.00000000,0.2351
1749258475,0.23500000,9163.00000000,0.2351
1749258475,0.23490000,24672.00000000,0.2351
1749258475,0.23480000,35227.00000000,0.2351
1749258475,0.23470000,7887.00000000,0.2351
1749258475,0.23460000,38654.00000000,0.2351
1749258475,0.23450000,7419.00000000,0.2351
1749258475,0.23440000,13502.00000000,0.2351
1749258475,0.23430000,28808.00000000,0.2351
1749258475,0.23420000,8239.00000000,0.2351
1749258475,0.23410000,6822.00000000,0.2351
1749258475,0.23400000,8544.00000000,0.2351
1749258475,0.23390000,14498.00000000,0.2351
1749258475,0.23380000,7459.00000000,0.2351
1749258475,0.23370000,6937.00000000,0.2351
1749258475,0.23360000,3829.00000000,0.2351
1749258475,0.23350000,5839.00000000,0.2351
1749258475,0.23340000,3829.00000000,0.2351
1749258475,0.23330000,17356.00000000,0.2351
1749258475,0.23320000,3829.00000000,0.2351
1749258475,0.23310000,11049.00000000,0.2351
1749258475,0.23300000,5648.00000000,0.2351
1749258475,0.23290000,5864.00000000,0.2351
1749258475,0.23280000,5649.00000000,0.2351
1749258475,0.23270000,5840.00000000,0.2351
1749258475,0.23260000,1607.00000000,0.2351
1749258475,0.23250000,7451.00000000,0.2351
1749258475,0.23240000,2844.00000000,0.2351
1749258475,0.23230000,5840.00000000,0.2351
1749258475,0.23220000,1607.00000000,0.2351
1749258475,0.23210000,1607.00000000,0.2351
1749258475,0.23200000,5840.00000000,0.2351
1749258475,0.23190000,77.00000000,0.2351
1749258475,0.23180000,5840.00000000,0.2351
1749258475,0.23170000,77.00000000,0.2351
1749258475,0.23160000,5807.00000000,0.2351
1749258475,0.23150000,44.00000000,0.2351
1749258475,0.23140000,16451.00000000,0.2351
1749258475,0.23130000,68.00000000,0.2351
1749258475,0.23120000,44.00000000,0.2351
1749258475,0.23110000,44.00000000,0.2351
1749258475,0.23100000,44.00000000,0.2351
1749258475,0.23090000,44.00000000,0.2351
1749258475,0.23080000,44.00000000,0.2351
1749258475,0.23070000,1951.00000000,0.2351
1749258475,0.23060000,44.00000000,0.2351
1749258475,0.23050000,44.00000000,0.2351
1749258475,0.23040000,44.00000000,0.2351
1749258475,0.23030000,44.00000000,0.2351
1749258475,0.23020000,44.00000000,0.2351
1749258475,0.23010000,106.00000000,0.2351
1749258475,0.23000000,6354.00000000,0.2351
1749258475,0.22990000,44.00000000,0.2351
1749258475,0.22980000,44.00000000,0.2351
1749258475,0.22970000,44.00000000,0.2351
1749258475,0.22960000,68.00000000,0.2351
1749258475,0.22950000,44.00000000,0.2351
1749258475,0.22940000,83.00000000,0.2351
1749258475,0.22930000,44.00000000,0.2351
1749258475,0.22920000,174.00000000,0.2351
1749258475,0.22910000,99.00000000,0.2351
1749258475,0.22900000,44.00000000,0.2351
1749258475,0.22890000,44.00000000,0.2351
1749258475,0.22880000,44.00000000,0.2351
1749258475,0.22870000,44.00000000,0.2351
1749258475,0.22860000,81.00000000,0.2351
1749258475,0.22850000,93.00000000,0.2351
1749258475,0.22840000,44.00000000,0.2351
1749258475,0.22830000,44.00000000,0.2351
1749258475,0.22820000,44.00000000,0.2351
1749258475,0.22810000,43.00000000,0.2351
1749258475,0.22800000,93.00000000,0.2351
1749258475,0.22790000,43.00000000,0.2351
1749258475,0.22780000,43.00000000,0.2351
1749258475,0.22770000,43.00000000,0.2351
1749258475,0.22760000,43.00000000,0.2351
1749258475,0.22750000,25.00000000,0.2351
1749258475,0.22730000,26.00000000,0.2351
1749258475,0.22710000,128.00000000,0.2351
1749258475,0.22650000,62.00000000,0.2351
1749258475,0.22630000,24.00000000,0.2351
1749258475,0.22610000,799.00000000,0.2351
1749258475,0.22580000,58.00000000,0.2351
1749258475,0.22530000,72.00000000,0.2351
1749258475,0.22500000,2246.00000000,0.2351
1749258475,0.22470000,24.00000000,0.2351
1749258475,0.22460000,55.00000000,0.2351
1749258475,0.22430000,3974.00000000,0.2351
1749258475,0.22420000,188.00000000,0.2351
1749258475,0.22310000,118.00000000,0.2351
1749258475,0.22300000,734.00000000,0.2351
1749258475,0.22250000,23.00000000,0.2351
1749258475,0.22230000,154.00000000,0.2351
1749258475,0.22220000,606.00000000,0.2351
1749258475,0.22160000,24.00000000,0.2351
1749258475,0.22140000,88.00000000,0.2351
1749258475,0.22100000,41.00000000,0.2351
1749258475,0.22030000,23.00000000,0.2351
1749258475,0.22010000,136.00000000,0.2351
1749258475,0.22000000,5123.00000000,0.2351
1749258836,0.23520000,16263.00000000,0.2352
1749258836,0.23510000,6063.00000000,0.2352
1749258836,0.23500000,12974.00000000,0.2352
1749258836,0.23490000,29312.00000000,0.2352
1749258836,0.23480000,29617.00000000,0.2352
1749258836,0.23470000,14956.00000000,0.2352
1749258836,0.23460000,14884.00000000,0.2352
1749258836,0.23450000,18537.00000000,0.2352
1749258836,0.23440000,10519.00000000,0.2352
1749258836,0.23430000,17000.00000000,0.2352
1749258836,0.23420000,7189.00000000,0.2352
1749258836,0.23410000,9382.00000000,0.2352
1749258836,0.23400000,6838.00000000,0.2352
1749258836,0.23390000,14926.00000000,0.2352
1749258836,0.23380000,6194.00000000,0.2352
1749258836,0.23370000,6300.00000000,0.2352
1749258836,0.23360000,4289.00000000,0.2352
1749258836,0.23350000,6268.00000000,0.2352
1749258836,0.23340000,7328.00000000,0.2352
1749258836,0.23330000,17214.00000000,0.2352
1749258836,0.23320000,3829.00000000,0.2352
1749258836,0.23310000,11049.00000000,0.2352
1749258836,0.23300000,3724.00000000,0.2352
1749258836,0.23290000,5864.00000000,0.2352
1749258836,0.23280000,3830.00000000,0.2352
1749258836,0.23270000,5840.00000000,0.2352
1749258836,0.23260000,1607.00000000,0.2352
1749258836,0.23250000,10943.00000000,0.2352
1749258836,0.23240000,2950.00000000,0.2352
1749258836,0.23230000,5840.00000000,0.2352
1749258836,0.23220000,3537.00000000,0.2352
1749258836,0.23210000,1607.00000000,0.2352
1749258836,0.23200000,5946.00000000,0.2352
1749258836,0.23190000,77.00000000,0.2352
1749258836,0.23180000,5840.00000000,0.2352
1749258836,0.23170000,77.00000000,0.2352
1749258836,0.23160000,5913.00000000,0.2352
1749258836,0.23150000,44.00000000,0.2352
1749258836,0.23140000,16451.00000000,0.2352
1749258836,0.23130000,68.00000000,0.2352
1749258836,0.23120000,150.00000000,0.2352
1749258836,0.23110000,44.00000000,0.2352
1749258836,0.23100000,44.00000000,0.2352
1749258836,0.23090000,44.00000000,0.2352
1749258836,0.23080000,44.00000000,0.2352
1749258836,0.23070000,1951.00000000,0.2352
1749258836,0.23060000,44.00000000,0.2352
1749258836,0.23050000,44.00000000,0.2352
1749258836,0.23040000,44.00000000,0.2352
1749258836,0.23030000,44.00000000,0.2352
1749258836,0.23020000,44.00000000,0.2352
1749258836,0.23010000,106.00000000,0.2352
1749258836,0.23000000,7884.00000000,0.2352
1749258836,0.22990000,44.00000000,0.2352
1749258836,0.22980000,44.00000000,0.2352
1749258836,0.22970000,44.00000000,0.2352
1749258836,0.22960000,68.00000000,0.2352
1749258836,0.22950000,44.00000000,0.2352
1749258836,0.22940000,83.00000000,0.2352
1749258836,0.22930000,44.00000000,0.2352
1749258836,0.22920000,174.00000000,0.2352
1749258836,0.22910000,99.00000000,0.2352
1749258836,0.22900000,44.00000000,0.2352
1749258836,0.22890000,44.00000000,0.2352
1749258836,0.22880000,44.00000000,0.2352
1749258836,0.22870000,44.00000000,0.2352
1749258836,0.22860000,81.00000000,0.2352
1749258836,0.22850000,93.00000000,0.2352
1749258836,0.22840000,44.00000000,0.2352
1749258836,0.22830000,44.00000000,0.2352
1749258836,0.22820000,44.00000000,0.2352
1749258836,0.22810000,43.00000000,0.2352
1749258836,0.22800000,93.00000000,0.2352
1749258836,0.22790000,43.00000000,0.2352
1749258836,0.22780000,43.00000000,0.2352
1749258836,0.22770000,43.00000000,0.2352
1749258836,0.22750000,25.00000000,0.2352
1749258836,0.22730000,26.00000000,0.2352
1749258836,0.22710000,128.00000000,0.2352
1749258836,0.22650000,62.00000000,0.2352
1749258836,0.22630000,24.00000000,0.2352
1749258836,0.22580000,858.00000000,0.2352
1749258836,0.22530000,72.00000000,0.2352
1749258836,0.22500000,2246.00000000,0.2352
1749258836,0.22470000,24.00000000,0.2352
1749258836,0.22460000,55.00000000,0.2352
1749258836,0.22430000,3974.00000000,0.2352
1749258836,0.22420000,188.00000000,0.2352
1749258836,0.22310000,73.00000000,0.2352
1749258836,0.22300000,734.00000000,0.2352
1749258836,0.22290000,45.00000000,0.2352
1749258836,0.22250000,23.00000000,0.2352
1749258836,0.22230000,154.00000000,0.2352
1749258836,0.22220000,606.00000000,0.2352
1749258836,0.22160000,24.00000000,0.2352
1749258836,0.22140000,88.00000000,0.2352
1749258836,0.22100000,41.00000000,0.2352
1749258836,0.22030000,23.00000000,0.2352
1749258836,0.22010000,136.00000000,0.2352
1749258836,0.22000000,5123.00000000,0.2352
1749259143,0.23490000,1530.00000000,0.2348
1749259143,0.23480000,15183.00000000,0.2348
1749259143,0.23470000,16765.00000000,0.2348
1749259143,0.23460000,25179.00000000,0.2348
1749259143,0.23450000,31564.00000000,0.2348
1749259143,0.23440000,10094.00000000,0.2348
1749259143,0.23430000,25530.00000000,0.2348
1749259143,0.23420000,7423.00000000,0.2348
1749259143,0.23410000,18504.00000000,0.2348
1749259143,0.23400000,6310.00000000,0.2348
1749259143,0.23390000,23067.00000000,0.2348
1749259143,0.23380000,5200.00000000,0.2348
1749259143,0.23370000,10987.00000000,0.2348
1749259143,0.23360000,4290.00000000,0.2348
1749259143,0.23350000,8436.00000000,0.2348
1749259143,0.23340000,9610.00000000,0.2348
1749259143,0.23330000,11640.00000000,0.2348
1749259143,0.23320000,4258.00000000,0.2348
1749259143,0.23310000,11049.00000000,0.2348
1749259143,0.23300000,4153.00000000,0.2348
1749259143,0.23290000,13933.00000000,0.2348
1749259143,0.23280000,3830.00000000,0.2348
1749259143,0.23270000,5840.00000000,0.2348
1749259143,0.23260000,1607.00000000,0.2348
1749259143,0.23250000,9885.00000000,0.2348
1749259143,0.23240000,2950.00000000,0.2348
1749259143,0.23230000,5840.00000000,0.2348
1749259143,0.23220000,3724.00000000,0.2348
1749259143,0.23210000,1607.00000000,0.2348
1749259143,0.23200000,5946.00000000,0.2348
1749259143,0.23190000,2667.00000000,0.2348
1749259143,0.23180000,5840.00000000,0.2348
1749259143,0.23170000,77.00000000,0.2348
1749259143,0.23160000,5913.00000000,0.2348
1749259143,0.23150000,44.00000000,0.2348
1749259143,0.23140000,18388.00000000,0.2348
1749259143,0.23130000,1598.00000000,0.2348
1749259143,0.23120000,150.00000000,0.2348
1749259143,0.23110000,44.00000000,0.2348
1749259143,0.23100000,44.00000000,0.2348
1749259143,0.23090000,44.00000000,0.2348
1749259143,0.23080000,150.00000000,0.2348
1749259143,0.23070000,1951.00000000,0.2348
1749259143,0.23060000,44.00000000,0.2348
1749259143,0.23050000,44.00000000,0.2348
1749259143,0.23040000,44.00000000,0.2348
1749259143,0.23030000,44.00000000,0.2348
1749259143,0.23020000,44.00000000,0.2348
1749259143,0.23010000,106.00000000,0.2348
1749259143,0.23000000,7884.00000000,0.2348
1749259143,0.22990000,44.00000000,0.2348
1749259143,0.22980000,44.00000000,0.2348
1749259143,0.22970000,44.00000000,0.2348
1749259143,0.22960000,68.00000000,0.2348
1749259143,0.22950000,44.00000000,0.2348
1749259143,0.22940000,83.00000000,0.2348
1749259143,0.22930000,44.00000000,0.2348
1749259143,0.22920000,174.00000000,0.2348
1749259143,0.22910000,99.00000000,0.2348
1749259143,0.22900000,44.00000000,0.2348
1749259143,0.22890000,44.00000000,0.2348
1749259143,0.22880000,44.00000000,0.2348
1749259143,0.22870000,44.00000000,0.2348
1749259143,0.22860000,81.00000000,0.2348
1749259143,0.22850000,93.00000000,0.2348
1749259143,0.22840000,44.00000000,0.2348
1749259143,0.22830000,44.00000000,0.2348
1749259143,0.22820000,44.00000000,0.2348
1749259143,0.22810000,43.00000000,0.2348
1749259143,0.22800000,93.00000000,0.2348
1749259143,0.22790000,43.00000000,0.2348
1749259143,0.22780000,43.00000000,0.2348
1749259143,0.22770000,43.00000000,0.2348
1749259143,0.22760000,43.00000000,0.2348
1749259143,0.22750000,68.00000000,0.2348
1749259143,0.22740000,43.00000000,0.2348
1749259143,0.22730000,26.00000000,0.2348
1749259143,0.22710000,128.00000000,0.2348
1749259143,0.22650000,62.00000000,0.2348
1749259143,0.22630000,24.00000000,0.2348
1749259143,0.22580000,858.00000000,0.2348
1749259143,0.22530000,72.00000000,0.2348
1749259143,0.22500000,2246.00000000,0.2348
1749259143,0.22470000,24.00000000,0.2348
1749259143,0.22460000,55.00000000,0.2348
1749259143,0.22430000,3974.00000000,0.2348
1749259143,0.22420000,188.00000000,0.2348
1749259143,0.22310000,73.00000000,0.2348
1749259143,0.22300000,734.00000000,0.2348
1749259143,0.22290000,45.00000000,0.2348
1749259143,0.22250000,23.00000000,0.2348
1749259143,0.22230000,154.00000000,0.2348
1749259143,0.22220000,606.00000000,0.2348
1749259143,0.22160000,24.00000000,0.2348
1749259143,0.22140000,88.00000000,0.2348
1749259143,0.22100000,41.00000000,0.2348
1749259143,0.22030000,23.00000000,0.2348
1749259143,0.22010000,136.00000000,0.2348
1749259143,0.22000000,5123.00000000,0.2348
1749259143,0.21980000,2559.00000000,0.2348
