timestamp,price,volume,current_price
1749260857,0.23530000,1952.00000000,0.2353
1749260857,0.23520000,19857.00000000,0.2353
1749260857,0.23510000,16060.00000000,0.2353
1749260857,0.23500000,26612.00000000,0.2353
1749260857,0.23490000,24136.00000000,0.2353
1749260857,0.23480000,24811.00000000,0.2353
1749260857,0.23470000,10870.00000000,0.2353
1749260857,0.23460000,3754.00000000,0.2353
1749260857,0.23450000,21381.00000000,0.2353
1749260857,0.23440000,3754.00000000,0.2353
1749260857,0.23430000,5867.00000000,0.2353
1749260857,0.23420000,3756.00000000,0.2353
1749260857,0.23410000,5872.00000000,0.2353
1749260857,0.23400000,15895.00000000,0.2353
1749260857,0.23390000,5872.00000000,0.2353
1749260857,0.23380000,3756.00000000,0.2353
1749260857,0.23370000,5872.00000000,0.2353
1749260857,0.23360000,7348.00000000,0.2353
1749260857,0.23350000,5871.00000000,0.2353
1749260857,0.23340000,3755.00000000,0.2353
1749260857,0.23330000,13856.00000000,0.2353
1749260857,0.23320000,3723.00000000,0.2353
1749260857,0.23310000,5839.00000000,0.2353
1749260857,0.23300000,3724.00000000,0.2353
1749260857,0.23290000,5864.00000000,0.2353
1749260857,0.23280000,3724.00000000,0.2353
1749260857,0.23270000,5840.00000000,0.2353
1749260857,0.23260000,1607.00000000,0.2353
1749260857,0.23250000,7957.00000000,0.2353
1749260857,0.23240000,1607.00000000,0.2353
1749260857,0.23230000,5840.00000000,0.2353
1749260857,0.23220000,3724.00000000,0.2353
1749260857,0.23210000,1607.00000000,0.2353
1749260857,0.23200000,7772.00000000,0.2353
1749260857,0.23190000,1607.00000000,0.2353
1749260857,0.23180000,5840.00000000,0.2353
1749260857,0.23170000,77.00000000,0.2353
1749260857,0.23160000,6362.00000000,0.2353
1749260857,0.23150000,44.00000000,0.2353
1749260857,0.23140000,16639.00000000,0.2353
1749260857,0.23130000,1598.00000000,0.2353
1749260857,0.23120000,44.00000000,0.2353
1749260857,0.23110000,44.00000000,0.2353
1749260857,0.23100000,44.00000000,0.2353
1749260857,0.23090000,44.00000000,0.2353
1749260857,0.23080000,1986.00000000,0.2353
1749260857,0.23070000,3672.00000000,0.2353
1749260857,0.23060000,44.00000000,0.2353
1749260857,0.23050000,44.00000000,0.2353
1749260857,0.23040000,4454.00000000,0.2353
1749260857,0.23030000,44.00000000,0.2353
1749260857,0.23020000,44.00000000,0.2353
1749260857,0.23010000,106.00000000,0.2353
1749260857,0.23000000,6354.00000000,0.2353
1749260857,0.22990000,44.00000000,0.2353
1749260857,0.22980000,44.00000000,0.2353
1749260857,0.22970000,44.00000000,0.2353
1749260857,0.22960000,68.00000000,0.2353
1749260857,0.22950000,44.00000000,0.2353
1749260857,0.22940000,83.00000000,0.2353
1749260857,0.22930000,44.00000000,0.2353
1749260857,0.22920000,174.00000000,0.2353
1749260857,0.22910000,99.00000000,0.2353
1749260857,0.22900000,44.00000000,0.2353
1749260857,0.22890000,44.00000000,0.2353
1749260857,0.22880000,44.00000000,0.2353
1749260857,0.22870000,44.00000000,0.2353
1749260857,0.22860000,81.00000000,0.2353
1749260857,0.22850000,93.00000000,0.2353
1749260857,0.22840000,44.00000000,0.2353
1749260857,0.22830000,44.00000000,0.2353
1749260857,0.22820000,44.00000000,0.2353
1749260857,0.22810000,43.00000000,0.2353
1749260857,0.22800000,93.00000000,0.2353
1749260857,0.22790000,43.00000000,0.2353
1749260857,0.22780000,43.00000000,0.2353
1749260857,0.22750000,25.00000000,0.2353
1749260857,0.22730000,26.00000000,0.2353
1749260857,0.22710000,128.00000000,0.2353
1749260857,0.22650000,62.00000000,0.2353
1749260857,0.22630000,24.00000000,0.2353
1749260857,0.22580000,857.00000000,0.2353
1749260857,0.22530000,72.00000000,0.2353
1749260857,0.22500000,2246.00000000,0.2353
1749260857,0.22470000,24.00000000,0.2353
1749260857,0.22460000,55.00000000,0.2353
1749260857,0.22430000,3974.00000000,0.2353
1749260857,0.22420000,188.00000000,0.2353
1749260857,0.22320000,45.00000000,0.2353
1749260857,0.22310000,73.00000000,0.2353
1749260857,0.22300000,734.00000000,0.2353
1749260857,0.22250000,23.00000000,0.2353
1749260857,0.22230000,154.00000000,0.2353
1749260857,0.22220000,606.00000000,0.2353
1749260857,0.22160000,24.00000000,0.2353
1749260857,0.22140000,88.00000000,0.2353
1749260857,0.22100000,41.00000000,0.2353
1749260857,0.22030000,23.00000000,0.2353
1749260857,0.22010000,136.00000000,0.2353
1749260857,0.22000000,5123.00000000,0.2353
1749261183,0.23510000,16214.00000000,0.2351
1749261183,0.23500000,12879.00000000,0.2351
1749261183,0.23490000,37134.00000000,0.2351
1749261183,0.23480000,25267.00000000,0.2351
1749261183,0.23470000,12680.00000000,0.2351
1749261183,0.23460000,21051.00000000,0.2351
1749261183,0.23450000,9538.00000000,0.2351
1749261183,0.23440000,16352.00000000,0.2351
1749261183,0.23430000,19013.00000000,0.2351
1749261183,0.23420000,4183.00000000,0.2351
1749261183,0.23410000,6299.00000000,0.2351
1749261183,0.23400000,5243.00000000,0.2351
1749261183,0.23390000,10984.00000000,0.2351
1749261183,0.23380000,5129.00000000,0.2351
1749261183,0.23370000,8433.00000000,0.2351
1749261183,0.23360000,7776.00000000,0.2351
1749261183,0.23350000,5839.00000000,0.2351
1749261183,0.23340000,7328.00000000,0.2351
1749261183,0.23330000,14055.00000000,0.2351
1749261183,0.23320000,7041.00000000,0.2351
1749261183,0.23310000,5839.00000000,0.2351
1749261183,0.23300000,3724.00000000,0.2351
1749261183,0.23290000,5864.00000000,0.2351
1749261183,0.23280000,3724.00000000,0.2351
1749261183,0.23270000,5840.00000000,0.2351
1749261183,0.23260000,3534.00000000,0.2351
1749261183,0.23250000,5840.00000000,0.2351
1749261183,0.23240000,1607.00000000,0.2351
1749261183,0.23230000,5840.00000000,0.2351
1749261183,0.23220000,1607.00000000,0.2351
1749261183,0.23210000,1607.00000000,0.2351
1749261183,0.23200000,5840.00000000,0.2351
1749261183,0.23190000,1607.00000000,0.2351
1749261183,0.23180000,5840.00000000,0.2351
1749261183,0.23170000,256.00000000,0.2351
1749261183,0.23160000,5807.00000000,0.2351
1749261183,0.23150000,44.00000000,0.2351
1749261183,0.23140000,18576.00000000,0.2351
1749261183,0.23130000,68.00000000,0.2351
1749261183,0.23120000,1574.00000000,0.2351
1749261183,0.23110000,44.00000000,0.2351
1749261183,0.23100000,44.00000000,0.2351
1749261183,0.23090000,44.00000000,0.2351
1749261183,0.23080000,44.00000000,0.2351
1749261183,0.23070000,2142.00000000,0.2351
1749261183,0.23060000,4454.00000000,0.2351
1749261183,0.23050000,44.00000000,0.2351
1749261183,0.23040000,44.00000000,0.2351
1749261183,0.23030000,44.00000000,0.2351
1749261183,0.23020000,44.00000000,0.2351
1749261183,0.23010000,106.00000000,0.2351
1749261183,0.23000000,6354.00000000,0.2351
1749261183,0.22990000,44.00000000,0.2351
1749261183,0.22980000,44.00000000,0.2351
1749261183,0.22970000,44.00000000,0.2351
1749261183,0.22960000,68.00000000,0.2351
1749261183,0.22950000,44.00000000,0.2351
1749261183,0.22940000,83.00000000,0.2351
1749261183,0.22930000,44.00000000,0.2351
1749261183,0.22920000,174.00000000,0.2351
1749261183,0.22910000,99.00000000,0.2351
1749261183,0.22900000,44.00000000,0.2351
1749261183,0.22890000,44.00000000,0.2351
1749261183,0.22880000,44.00000000,0.2351
1749261183,0.22870000,44.00000000,0.2351
1749261183,0.22860000,81.00000000,0.2351
1749261183,0.22850000,93.00000000,0.2351
1749261183,0.22840000,44.00000000,0.2351
1749261183,0.22830000,44.00000000,0.2351
1749261183,0.22820000,44.00000000,0.2351
1749261183,0.22810000,43.00000000,0.2351
1749261183,0.22800000,93.00000000,0.2351
1749261183,0.22790000,43.00000000,0.2351
1749261183,0.22780000,43.00000000,0.2351
1749261183,0.22770000,43.00000000,0.2351
1749261183,0.22760000,43.00000000,0.2351
1749261183,0.22750000,25.00000000,0.2351
1749261183,0.22730000,26.00000000,0.2351
1749261183,0.22710000,128.00000000,0.2351
1749261183,0.22650000,62.00000000,0.2351
1749261183,0.22630000,24.00000000,0.2351
1749261183,0.22580000,856.00000000,0.2351
1749261183,0.22530000,72.00000000,0.2351
1749261183,0.22500000,2246.00000000,0.2351
1749261183,0.22470000,3998.00000000,0.2351
1749261183,0.22460000,55.00000000,0.2351
1749261183,0.22420000,188.00000000,0.2351
1749261183,0.22320000,45.00000000,0.2351
1749261183,0.22310000,73.00000000,0.2351
1749261183,0.22300000,734.00000000,0.2351
1749261183,0.22250000,23.00000000,0.2351
1749261183,0.22230000,154.00000000,0.2351
1749261183,0.22220000,606.00000000,0.2351
1749261183,0.22160000,24.00000000,0.2351
1749261183,0.22140000,88.00000000,0.2351
1749261183,0.22100000,41.00000000,0.2351
1749261183,0.22030000,23.00000000,0.2351
1749261183,0.22010000,136.00000000,0.2351
1749261183,0.22000000,5123.00000000,0.2351
1749261183,0.21980000,2044.00000000,0.2351
1749261498,0.23530000,20844.00000000,0.2352
1749261498,0.23520000,7432.00000000,0.2352
1749261498,0.23510000,24618.00000000,0.2352
1749261498,0.23500000,46447.00000000,0.2352
1749261498,0.23490000,20374.00000000,0.2352
1749261498,0.23480000,17799.00000000,0.2352
1749261498,0.23470000,9498.00000000,0.2352
1749261498,0.23460000,14884.00000000,0.2352
1749261498,0.23450000,18038.00000000,0.2352
1749261498,0.23440000,4182.00000000,0.2352
1749261498,0.23430000,6295.00000000,0.2352
1749261498,0.23420000,4184.00000000,0.2352
1749261498,0.23410000,8847.00000000,0.2352
1749261498,0.23400000,5243.00000000,0.2352
1749261498,0.23390000,8008.00000000,0.2352
1749261498,0.23380000,4701.00000000,0.2352
1749261498,0.23370000,13999.00000000,0.2352
1749261498,0.23360000,7348.00000000,0.2352
1749261498,0.23350000,5839.00000000,0.2352
1749261498,0.23340000,7328.00000000,0.2352
1749261498,0.23330000,5839.00000000,0.2352
1749261498,0.23320000,7041.00000000,0.2352
1749261498,0.23310000,5839.00000000,0.2352
1749261498,0.23300000,3724.00000000,0.2352
1749261498,0.23290000,5864.00000000,0.2352
1749261498,0.23280000,3724.00000000,0.2352
1749261498,0.23270000,5840.00000000,0.2352
1749261498,0.23260000,1607.00000000,0.2352
1749261498,0.23250000,5840.00000000,0.2352
1749261498,0.23240000,1607.00000000,0.2352
1749261498,0.23230000,5840.00000000,0.2352
1749261498,0.23220000,1607.00000000,0.2352
1749261498,0.23210000,1607.00000000,0.2352
1749261498,0.23200000,7772.00000000,0.2352
1749261498,0.23190000,1607.00000000,0.2352
1749261498,0.23180000,5840.00000000,0.2352
1749261498,0.23170000,256.00000000,0.2352
1749261498,0.23160000,6362.00000000,0.2352
1749261498,0.23150000,44.00000000,0.2352
1749261498,0.23140000,17046.00000000,0.2352
1749261498,0.23130000,68.00000000,0.2352
1749261498,0.23120000,44.00000000,0.2352
1749261498,0.23110000,44.00000000,0.2352
1749261498,0.23100000,44.00000000,0.2352
1749261498,0.23090000,44.00000000,0.2352
1749261498,0.23080000,44.00000000,0.2352
1749261498,0.23070000,2142.00000000,0.2352
1749261498,0.23060000,44.00000000,0.2352
1749261498,0.23050000,44.00000000,0.2352
1749261498,0.23040000,44.00000000,0.2352
1749261498,0.23030000,44.00000000,0.2352
1749261498,0.23020000,44.00000000,0.2352
1749261498,0.23010000,106.00000000,0.2352
1749261498,0.23000000,6354.00000000,0.2352
1749261498,0.22990000,44.00000000,0.2352
1749261498,0.22980000,44.00000000,0.2352
1749261498,0.22970000,44.00000000,0.2352
1749261498,0.22960000,68.00000000,0.2352
1749261498,0.22950000,44.00000000,0.2352
1749261498,0.22940000,83.00000000,0.2352
1749261498,0.22930000,44.00000000,0.2352
1749261498,0.22920000,174.00000000,0.2352
1749261498,0.22910000,99.00000000,0.2352
1749261498,0.22900000,44.00000000,0.2352
1749261498,0.22890000,44.00000000,0.2352
1749261498,0.22880000,44.00000000,0.2352
1749261498,0.22870000,44.00000000,0.2352
1749261498,0.22860000,81.00000000,0.2352
1749261498,0.22850000,93.00000000,0.2352
1749261498,0.22840000,44.00000000,0.2352
1749261498,0.22830000,44.00000000,0.2352
1749261498,0.22820000,44.00000000,0.2352
1749261498,0.22810000,43.00000000,0.2352
1749261498,0.22800000,93.00000000,0.2352
1749261498,0.22790000,43.00000000,0.2352
1749261498,0.22780000,43.00000000,0.2352
1749261498,0.22750000,25.00000000,0.2352
1749261498,0.22730000,26.00000000,0.2352
1749261498,0.22710000,128.00000000,0.2352
1749261498,0.22650000,62.00000000,0.2352
1749261498,0.22630000,24.00000000,0.2352
1749261498,0.22610000,5206.00000000,0.2352
1749261498,0.22580000,58.00000000,0.2352
1749261498,0.22530000,72.00000000,0.2352
1749261498,0.22500000,2246.00000000,0.2352
1749261498,0.22470000,3998.00000000,0.2352
1749261498,0.22460000,55.00000000,0.2352
1749261498,0.22420000,188.00000000,0.2352
1749261498,0.22320000,45.00000000,0.2352
1749261498,0.22310000,73.00000000,0.2352
1749261498,0.22300000,734.00000000,0.2352
1749261498,0.22250000,23.00000000,0.2352
1749261498,0.22230000,154.00000000,0.2352
1749261498,0.22220000,606.00000000,0.2352
1749261498,0.22160000,24.00000000,0.2352
1749261498,0.22140000,88.00000000,0.2352
1749261498,0.22100000,41.00000000,0.2352
1749261498,0.22030000,23.00000000,0.2352
1749261498,0.22010000,136.00000000,0.2352
1749261498,0.22000000,5123.00000000,0.2352
1749261809,0.23490000,1573.00000000,0.2352
1749261809,0.23480000,23080.00000000,0.2352
1749261809,0.23470000,32915.00000000,0.2352
1749261809,0.23460000,44044.00000000,0.2352
1749261809,0.23450000,27297.00000000,0.2352
1749261809,0.23440000,4536.00000000,0.2352
1749261809,0.23430000,20268.00000000,0.2352
1749261809,0.23420000,16735.00000000,0.2352
1749261809,0.23410000,6300.00000000,0.2352
1749261809,0.23400000,4471.00000000,0.2352
1749261809,0.23390000,6300.00000000,0.2352
1749261809,0.23380000,4184.00000000,0.2352
1749261809,0.23370000,8851.00000000,0.2352
1749261809,0.23360000,5243.00000000,0.2352
1749261809,0.23350000,6267.00000000,0.2352
1749261809,0.23340000,7328.00000000,0.2352
1749261809,0.23330000,13965.00000000,0.2352
1749261809,0.23320000,7041.00000000,0.2352
1749261809,0.23310000,5839.00000000,0.2352
1749261809,0.23300000,3724.00000000,0.2352
1749261809,0.23290000,5864.00000000,0.2352
1749261809,0.23280000,3724.00000000,0.2352
1749261809,0.23270000,5840.00000000,0.2352
1749261809,0.23260000,1607.00000000,0.2352
1749261809,0.23250000,5840.00000000,0.2352
1749261809,0.23240000,1607.00000000,0.2352
1749261809,0.23230000,5840.00000000,0.2352
1749261809,0.23220000,1607.00000000,0.2352
1749261809,0.23210000,1607.00000000,0.2352
1749261809,0.23200000,7772.00000000,0.2352
1749261809,0.23190000,1607.00000000,0.2352
1749261809,0.23180000,6019.00000000,0.2352
1749261809,0.23170000,77.00000000,0.2352
1749261809,0.23160000,5807.00000000,0.2352
1749261809,0.23150000,599.00000000,0.2352
1749261809,0.23140000,16639.00000000,0.2352
1749261809,0.23130000,68.00000000,0.2352
1749261809,0.23120000,44.00000000,0.2352
1749261809,0.23110000,44.00000000,0.2352
1749261809,0.23100000,44.00000000,0.2352
1749261809,0.23090000,44.00000000,0.2352
1749261809,0.23080000,44.00000000,0.2352
1749261809,0.23070000,5615.00000000,0.2352
1749261809,0.23060000,44.00000000,0.2352
1749261809,0.23050000,44.00000000,0.2352
1749261809,0.23040000,44.00000000,0.2352
1749261809,0.23030000,44.00000000,0.2352
1749261809,0.23020000,44.00000000,0.2352
1749261809,0.23010000,106.00000000,0.2352
1749261809,0.23000000,7884.00000000,0.2352
1749261809,0.22990000,44.00000000,0.2352
1749261809,0.22980000,44.00000000,0.2352
1749261809,0.22970000,44.00000000,0.2352
1749261809,0.22960000,68.00000000,0.2352
1749261809,0.22950000,44.00000000,0.2352
1749261809,0.22940000,83.00000000,0.2352
1749261809,0.22930000,44.00000000,0.2352
1749261809,0.22920000,174.00000000,0.2352
1749261809,0.22910000,99.00000000,0.2352
1749261809,0.22900000,44.00000000,0.2352
1749261809,0.22890000,44.00000000,0.2352
1749261809,0.22880000,44.00000000,0.2352
1749261809,0.22870000,44.00000000,0.2352
1749261809,0.22860000,81.00000000,0.2352
1749261809,0.22850000,93.00000000,0.2352
1749261809,0.22840000,44.00000000,0.2352
1749261809,0.22830000,44.00000000,0.2352
1749261809,0.22820000,44.00000000,0.2352
1749261809,0.22810000,43.00000000,0.2352
1749261809,0.22800000,93.00000000,0.2352
1749261809,0.22790000,43.00000000,0.2352
1749261809,0.22780000,43.00000000,0.2352
1749261809,0.22770000,43.00000000,0.2352
1749261809,0.22760000,43.00000000,0.2352
1749261809,0.22750000,68.00000000,0.2352
1749261809,0.22740000,43.00000000,0.2352
1749261809,0.22730000,26.00000000,0.2352
1749261809,0.22710000,128.00000000,0.2352
1749261809,0.22650000,62.00000000,0.2352
1749261809,0.22630000,24.00000000,0.2352
1749261809,0.22610000,773.00000000,0.2352
1749261809,0.22600000,4410.00000000,0.2352
1749261809,0.22580000,58.00000000,0.2352
1749261809,0.22530000,72.00000000,0.2352
1749261809,0.22500000,2246.00000000,0.2352
1749261809,0.22470000,24.00000000,0.2352
1749261809,0.22460000,55.00000000,0.2352
1749261809,0.22450000,3974.00000000,0.2352
1749261809,0.22420000,188.00000000,0.2352
1749261809,0.22320000,45.00000000,0.2352
1749261809,0.22310000,73.00000000,0.2352
1749261809,0.22300000,734.00000000,0.2352
1749261809,0.22250000,23.00000000,0.2352
1749261809,0.22230000,154.00000000,0.2352
1749261809,0.22220000,606.00000000,0.2352
1749261809,0.22160000,24.00000000,0.2352
1749261809,0.22140000,88.00000000,0.2352
1749261809,0.22100000,41.00000000,0.2352
1749261809,0.22030000,23.00000000,0.2352
1749261809,0.22010000,136.00000000,0.2352
1749262111,0.23510000,2592.00000000,0.2352
1749262111,0.23500000,24715.00000000,0.2352
1749262111,0.23490000,25485.00000000,0.2352
1749262111,0.23480000,26522.00000000,0.2352
1749262111,0.23470000,26481.00000000,0.2352
1749262111,0.23460000,29129.00000000,0.2352
1749262111,0.23450000,6298.00000000,0.2352
1749262111,0.23440000,16774.00000000,0.2352
1749262111,0.23430000,9145.00000000,0.2352
1749262111,0.23420000,4184.00000000,0.2352
1749262111,0.23410000,6300.00000000,0.2352
1749262111,0.23400000,4184.00000000,0.2352
1749262111,0.23390000,8421.00000000,0.2352
1749262111,0.23380000,4184.00000000,0.2352
1749262111,0.23370000,9174.00000000,0.2352
1749262111,0.23360000,4815.00000000,0.2352
1749262111,0.23350000,5839.00000000,0.2352
1749262111,0.23340000,3723.00000000,0.2352
1749262111,0.23330000,13965.00000000,0.2352
1749262111,0.23320000,3723.00000000,0.2352
1749262111,0.23310000,5839.00000000,0.2352
1749262111,0.23300000,3724.00000000,0.2352
1749262111,0.23290000,5864.00000000,0.2352
1749262111,0.23280000,3724.00000000,0.2352
1749262111,0.23270000,5840.00000000,0.2352
1749262111,0.23260000,1607.00000000,0.2352
1749262111,0.23250000,5840.00000000,0.2352
1749262111,0.23240000,1607.00000000,0.2352
1749262111,0.23230000,5840.00000000,0.2352
1749262111,0.23220000,1607.00000000,0.2352
1749262111,0.23210000,1607.00000000,0.2352
1749262111,0.23200000,7772.00000000,0.2352
1749262111,0.23190000,1607.00000000,0.2352
1749262111,0.23180000,6019.00000000,0.2352
1749262111,0.23170000,77.00000000,0.2352
1749262111,0.23160000,5807.00000000,0.2352
1749262111,0.23150000,44.00000000,0.2352
1749262111,0.23140000,16639.00000000,0.2352
1749262111,0.23130000,68.00000000,0.2352
1749262111,0.23120000,44.00000000,0.2352
1749262111,0.23110000,44.00000000,0.2352
1749262111,0.23100000,44.00000000,0.2352
1749262111,0.23090000,44.00000000,0.2352
1749262111,0.23080000,44.00000000,0.2352
1749262111,0.23070000,4085.00000000,0.2352
1749262111,0.23060000,44.00000000,0.2352
1749262111,0.23050000,44.00000000,0.2352
1749262111,0.23040000,44.00000000,0.2352
1749262111,0.23030000,44.00000000,0.2352
1749262111,0.23020000,44.00000000,0.2352
1749262111,0.23010000,106.00000000,0.2352
1749262111,0.23000000,6354.00000000,0.2352
1749262111,0.22990000,44.00000000,0.2352
1749262111,0.22980000,44.00000000,0.2352
1749262111,0.22970000,44.00000000,0.2352
1749262111,0.22960000,68.00000000,0.2352
1749262111,0.22950000,44.00000000,0.2352
1749262111,0.22940000,83.00000000,0.2352
1749262111,0.22930000,44.00000000,0.2352
1749262111,0.22920000,174.00000000,0.2352
1749262111,0.22910000,99.00000000,0.2352
1749262111,0.22900000,44.00000000,0.2352
1749262111,0.22890000,44.00000000,0.2352
1749262111,0.22880000,44.00000000,0.2352
1749262111,0.22870000,44.00000000,0.2352
1749262111,0.22860000,81.00000000,0.2352
1749262111,0.22850000,93.00000000,0.2352
1749262111,0.22840000,44.00000000,0.2352
1749262111,0.22830000,44.00000000,0.2352
1749262111,0.22820000,44.00000000,0.2352
1749262111,0.22810000,43.00000000,0.2352
1749262111,0.22800000,93.00000000,0.2352
1749262111,0.22790000,43.00000000,0.2352
1749262111,0.22780000,43.00000000,0.2352
1749262111,0.22770000,43.00000000,0.2352
1749262111,0.22760000,43.00000000,0.2352
1749262111,0.22750000,25.00000000,0.2352
1749262111,0.22730000,26.00000000,0.2352
1749262111,0.22710000,128.00000000,0.2352
1749262111,0.22650000,62.00000000,0.2352
1749262111,0.22630000,24.00000000,0.2352
1749262111,0.22610000,4410.00000000,0.2352
1749262111,0.22580000,832.00000000,0.2352
1749262111,0.22530000,72.00000000,0.2352
1749262111,0.22500000,2246.00000000,0.2352
1749262111,0.22470000,24.00000000,0.2352
1749262111,0.22460000,55.00000000,0.2352
1749262111,0.22450000,3974.00000000,0.2352
1749262111,0.22420000,188.00000000,0.2352
1749262111,0.22320000,45.00000000,0.2352
1749262111,0.22310000,73.00000000,0.2352
1749262111,0.22300000,734.00000000,0.2352
1749262111,0.22250000,23.00000000,0.2352
1749262111,0.22230000,154.00000000,0.2352
1749262111,0.22220000,606.00000000,0.2352
1749262111,0.22160000,24.00000000,0.2352
1749262111,0.22140000,88.00000000,0.2352
1749262111,0.22100000,41.00000000,0.2352
1749262111,0.22030000,23.00000000,0.2352
1749262111,0.22010000,136.00000000,0.2352
1749262412,0.23540000,1530.00000000,0.2355
1749262412,0.23530000,23496.00000000,0.2355
1749262412,0.23520000,17176.00000000,0.2355
1749262412,0.23510000,38419.00000000,0.2355
1749262412,0.23500000,26840.00000000,0.2355
1749262412,0.23490000,23846.00000000,0.2355
1749262412,0.23480000,4535.00000000,0.2355
1749262412,0.23470000,21748.00000000,0.2355
1749262412,0.23460000,14884.00000000,0.2355
1749262412,0.23450000,6298.00000000,0.2355
1749262412,0.23440000,4182.00000000,0.2355
1749262412,0.23430000,10176.00000000,0.2355
1749262412,0.23420000,8550.00000000,0.2355
1749262412,0.23410000,6300.00000000,0.2355
1749262412,0.23400000,6184.00000000,0.2355
1749262412,0.23390000,6300.00000000,0.2355
1749262412,0.23380000,4184.00000000,0.2355
1749262412,0.23370000,14522.00000000,0.2355
1749262412,0.23360000,3755.00000000,0.2355
1749262412,0.23350000,9443.00000000,0.2355
1749262412,0.23340000,3723.00000000,0.2355
1749262412,0.23330000,5839.00000000,0.2355
1749262412,0.23320000,7041.00000000,0.2355
1749262412,0.23310000,5839.00000000,0.2355
1749262412,0.23300000,3724.00000000,0.2355
1749262412,0.23290000,5864.00000000,0.2355
1749262412,0.23280000,3724.00000000,0.2355
1749262412,0.23270000,5840.00000000,0.2355
1749262412,0.23260000,1607.00000000,0.2355
1749262412,0.23250000,7768.00000000,0.2355
1749262412,0.23240000,1607.00000000,0.2355
1749262412,0.23230000,5840.00000000,0.2355
1749262412,0.23220000,1607.00000000,0.2355
1749262412,0.23210000,1607.00000000,0.2355
1749262412,0.23200000,5840.00000000,0.2355
1749262412,0.23190000,77.00000000,0.2355
1749262412,0.23180000,7952.00000000,0.2355
1749262412,0.23170000,77.00000000,0.2355
1749262412,0.23160000,5807.00000000,0.2355
1749262412,0.23150000,44.00000000,0.2355
1749262412,0.23140000,16639.00000000,0.2355
1749262412,0.23130000,68.00000000,0.2355
1749262412,0.23120000,44.00000000,0.2355
1749262412,0.23110000,44.00000000,0.2355
1749262412,0.23100000,44.00000000,0.2355
1749262412,0.23090000,44.00000000,0.2355
1749262412,0.23080000,44.00000000,0.2355
1749262412,0.23070000,2142.00000000,0.2355
1749262412,0.23060000,44.00000000,0.2355
1749262412,0.23050000,44.00000000,0.2355
1749262412,0.23040000,44.00000000,0.2355
1749262412,0.23030000,44.00000000,0.2355
1749262412,0.23020000,44.00000000,0.2355
1749262412,0.23010000,106.00000000,0.2355
1749262412,0.23000000,6354.00000000,0.2355
1749262412,0.22990000,44.00000000,0.2355
1749262412,0.22980000,44.00000000,0.2355
1749262412,0.22970000,44.00000000,0.2355
1749262412,0.22960000,68.00000000,0.2355
1749262412,0.22950000,44.00000000,0.2355
1749262412,0.22940000,83.00000000,0.2355
1749262412,0.22930000,44.00000000,0.2355
1749262412,0.22920000,174.00000000,0.2355
1749262412,0.22910000,99.00000000,0.2355
1749262412,0.22900000,44.00000000,0.2355
1749262412,0.22890000,44.00000000,0.2355
1749262412,0.22880000,44.00000000,0.2355
1749262412,0.22870000,44.00000000,0.2355
1749262412,0.22860000,81.00000000,0.2355
1749262412,0.22850000,93.00000000,0.2355
1749262412,0.22840000,44.00000000,0.2355
1749262412,0.22830000,44.00000000,0.2355
1749262412,0.22820000,44.00000000,0.2355
1749262412,0.22810000,43.00000000,0.2355
1749262412,0.22800000,93.00000000,0.2355
1749262412,0.22790000,43.00000000,0.2355
1749262412,0.22750000,25.00000000,0.2355
1749262412,0.22730000,26.00000000,0.2355
1749262412,0.22710000,128.00000000,0.2355
1749262412,0.22650000,62.00000000,0.2355
1749262412,0.22630000,4434.00000000,0.2355
1749262412,0.22580000,832.00000000,0.2355
1749262412,0.22530000,72.00000000,0.2355
1749262412,0.22500000,2246.00000000,0.2355
1749262412,0.22470000,24.00000000,0.2355
1749262412,0.22460000,55.00000000,0.2355
1749262412,0.22450000,3974.00000000,0.2355
1749262412,0.22420000,188.00000000,0.2355
1749262412,0.22320000,45.00000000,0.2355
1749262412,0.22310000,73.00000000,0.2355
1749262412,0.22300000,734.00000000,0.2355
1749262412,0.22250000,23.00000000,0.2355
1749262412,0.22230000,154.00000000,0.2355
1749262412,0.22220000,606.00000000,0.2355
1749262412,0.22160000,24.00000000,0.2355
1749262412,0.22140000,88.00000000,0.2355
1749262412,0.22100000,41.00000000,0.2355
1749262412,0.22030000,23.00000000,0.2355
1749262412,0.22010000,136.00000000,0.2355
1749262412,0.22000000,5123.00000000,0.2355
1749262718,0.23530000,1637.00000000,0.2354
1749262718,0.23520000,22296.00000000,0.2354
1749262718,0.23510000,29217.00000000,0.2354
1749262718,0.23500000,35940.00000000,0.2354
1749262718,0.23490000,23331.00000000,0.2354
1749262718,0.23480000,13366.00000000,0.2354
1749262718,0.23470000,9492.00000000,0.2354
1749262718,0.23460000,17910.00000000,0.2354
1749262718,0.23450000,18146.00000000,0.2354
1749262718,0.23440000,4182.00000000,0.2354
1749262718,0.23430000,9298.00000000,0.2354
1749262718,0.23420000,7679.00000000,0.2354
1749262718,0.23410000,8694.00000000,0.2354
1749262718,0.23400000,12249.00000000,0.2354
1749262718,0.23390000,6300.00000000,0.2354
1749262718,0.23380000,3756.00000000,0.2354
1749262718,0.23370000,14094.00000000,0.2354
1749262718,0.23360000,3755.00000000,0.2354
1749262718,0.23350000,9443.00000000,0.2354
1749262718,0.23340000,3723.00000000,0.2354
1749262718,0.23330000,5839.00000000,0.2354
1749262718,0.23320000,7041.00000000,0.2354
1749262718,0.23310000,11053.00000000,0.2354
1749262718,0.23300000,3724.00000000,0.2354
1749262718,0.23290000,5864.00000000,0.2354
1749262718,0.23280000,3724.00000000,0.2354
1749262718,0.23270000,5840.00000000,0.2354
1749262718,0.23260000,1607.00000000,0.2354
1749262718,0.23250000,8321.00000000,0.2354
1749262718,0.23240000,1607.00000000,0.2354
1749262718,0.23230000,5840.00000000,0.2354
1749262718,0.23220000,1607.00000000,0.2354
1749262718,0.23210000,1607.00000000,0.2354
1749262718,0.23200000,5840.00000000,0.2354
1749262718,0.23190000,77.00000000,0.2354
1749262718,0.23180000,7952.00000000,0.2354
1749262718,0.23170000,77.00000000,0.2354
1749262718,0.23160000,5807.00000000,0.2354
1749262718,0.23150000,44.00000000,0.2354
1749262718,0.23140000,16639.00000000,0.2354
1749262718,0.23130000,68.00000000,0.2354
1749262718,0.23120000,44.00000000,0.2354
1749262718,0.23110000,44.00000000,0.2354
1749262718,0.23100000,44.00000000,0.2354
1749262718,0.23090000,44.00000000,0.2354
1749262718,0.23080000,44.00000000,0.2354
1749262718,0.23070000,2142.00000000,0.2354
1749262718,0.23060000,44.00000000,0.2354
1749262718,0.23050000,44.00000000,0.2354
1749262718,0.23040000,44.00000000,0.2354
1749262718,0.23030000,44.00000000,0.2354
1749262718,0.23020000,44.00000000,0.2354
1749262718,0.23010000,106.00000000,0.2354
1749262718,0.23000000,6354.00000000,0.2354
1749262718,0.22990000,44.00000000,0.2354
1749262718,0.22980000,44.00000000,0.2354
1749262718,0.22970000,44.00000000,0.2354
1749262718,0.22960000,68.00000000,0.2354
1749262718,0.22950000,44.00000000,0.2354
1749262718,0.22940000,83.00000000,0.2354
1749262718,0.22930000,44.00000000,0.2354
1749262718,0.22920000,174.00000000,0.2354
1749262718,0.22910000,99.00000000,0.2354
1749262718,0.22900000,44.00000000,0.2354
1749262718,0.22890000,44.00000000,0.2354
1749262718,0.22880000,44.00000000,0.2354
1749262718,0.22870000,44.00000000,0.2354
1749262718,0.22860000,81.00000000,0.2354
1749262718,0.22850000,93.00000000,0.2354
1749262718,0.22840000,44.00000000,0.2354
1749262718,0.22830000,44.00000000,0.2354
1749262718,0.22820000,44.00000000,0.2354
1749262718,0.22810000,43.00000000,0.2354
1749262718,0.22800000,93.00000000,0.2354
1749262718,0.22790000,43.00000000,0.2354
1749262718,0.22780000,43.00000000,0.2354
1749262718,0.22750000,25.00000000,0.2354
1749262718,0.22730000,26.00000000,0.2354
1749262718,0.22710000,128.00000000,0.2354
1749262718,0.22650000,62.00000000,0.2354
1749262718,0.22630000,24.00000000,0.2354
1749262718,0.22580000,832.00000000,0.2354
1749262718,0.22530000,72.00000000,0.2354
1749262718,0.22500000,2246.00000000,0.2354
1749262718,0.22470000,24.00000000,0.2354
1749262718,0.22460000,55.00000000,0.2354
1749262718,0.22450000,3974.00000000,0.2354
1749262718,0.22420000,188.00000000,0.2354
1749262718,0.22330000,45.00000000,0.2354
1749262718,0.22310000,73.00000000,0.2354
1749262718,0.22300000,734.00000000,0.2354
1749262718,0.22250000,23.00000000,0.2354
1749262718,0.22230000,154.00000000,0.2354
1749262718,0.22220000,606.00000000,0.2354
1749262718,0.22160000,24.00000000,0.2354
1749262718,0.22140000,88.00000000,0.2354
1749262718,0.22100000,41.00000000,0.2354
1749262718,0.22030000,23.00000000,0.2354
1749262718,0.22010000,136.00000000,0.2354
1749262718,0.22000000,5123.00000000,0.2354
1749263027,0.23540000,987.00000000,0.2354
1749263027,0.23530000,22688.00000000,0.2354
1749263027,0.23520000,10296.00000000,0.2354
1749263027,0.23510000,28765.00000000,0.2354
1749263027,0.23500000,48847.00000000,0.2354
1749263027,0.23490000,23445.00000000,0.2354
1749263027,0.23480000,13443.00000000,0.2354
1749263027,0.23470000,9576.00000000,0.2354
1749263027,0.23460000,29103.00000000,0.2354
1749263027,0.23450000,6298.00000000,0.2354
1749263027,0.23440000,4182.00000000,0.2354
1749263027,0.23430000,8179.00000000,0.2354
1749263027,0.23420000,7679.00000000,0.2354
1749263027,0.23410000,8699.00000000,0.2354
1749263027,0.23400000,12677.00000000,0.2354
1749263027,0.23390000,8431.00000000,0.2354
1749263027,0.23380000,4184.00000000,0.2354
1749263027,0.23370000,14094.00000000,0.2354
1749263027,0.23360000,3755.00000000,0.2354
1749263027,0.23350000,9443.00000000,0.2354
1749263027,0.23340000,3723.00000000,0.2354
1749263027,0.23330000,5839.00000000,0.2354
1749263027,0.23320000,7041.00000000,0.2354
1749263027,0.23310000,11053.00000000,0.2354
1749263027,0.23300000,3724.00000000,0.2354
1749263027,0.23290000,5864.00000000,0.2354
1749263027,0.23280000,3724.00000000,0.2354
1749263027,0.23270000,5840.00000000,0.2354
1749263027,0.23260000,1607.00000000,0.2354
1749263027,0.23250000,7768.00000000,0.2354
1749263027,0.23240000,1607.00000000,0.2354
1749263027,0.23230000,5840.00000000,0.2354
1749263027,0.23220000,1607.00000000,0.2354
1749263027,0.23210000,1607.00000000,0.2354
1749263027,0.23200000,6394.00000000,0.2354
1749263027,0.23190000,256.00000000,0.2354
1749263027,0.23180000,7773.00000000,0.2354
1749263027,0.23170000,77.00000000,0.2354
1749263027,0.23160000,5807.00000000,0.2354
1749263027,0.23150000,44.00000000,0.2354
1749263027,0.23140000,16639.00000000,0.2354
1749263027,0.23130000,68.00000000,0.2354
1749263027,0.23120000,44.00000000,0.2354
1749263027,0.23110000,44.00000000,0.2354
1749263027,0.23100000,44.00000000,0.2354
1749263027,0.23090000,44.00000000,0.2354
1749263027,0.23080000,44.00000000,0.2354
1749263027,0.23070000,2142.00000000,0.2354
1749263027,0.23060000,44.00000000,0.2354
1749263027,0.23050000,44.00000000,0.2354
1749263027,0.23040000,44.00000000,0.2354
1749263027,0.23030000,44.00000000,0.2354
1749263027,0.23020000,44.00000000,0.2354
1749263027,0.23010000,106.00000000,0.2354
1749263027,0.23000000,6354.00000000,0.2354
1749263027,0.22990000,44.00000000,0.2354
1749263027,0.22980000,44.00000000,0.2354
1749263027,0.22970000,44.00000000,0.2354
1749263027,0.22960000,68.00000000,0.2354
1749263027,0.22950000,44.00000000,0.2354
1749263027,0.22940000,83.00000000,0.2354
1749263027,0.22930000,44.00000000,0.2354
1749263027,0.22920000,174.00000000,0.2354
1749263027,0.22910000,99.00000000,0.2354
1749263027,0.22900000,44.00000000,0.2354
1749263027,0.22890000,44.00000000,0.2354
1749263027,0.22880000,44.00000000,0.2354
1749263027,0.22870000,44.00000000,0.2354
1749263027,0.22860000,81.00000000,0.2354
1749263027,0.22850000,93.00000000,0.2354
1749263027,0.22840000,44.00000000,0.2354
1749263027,0.22830000,44.00000000,0.2354
1749263027,0.22820000,44.00000000,0.2354
1749263027,0.22810000,43.00000000,0.2354
1749263027,0.22800000,93.00000000,0.2354
1749263027,0.22790000,43.00000000,0.2354
1749263027,0.22750000,25.00000000,0.2354
1749263027,0.22730000,26.00000000,0.2354
1749263027,0.22710000,128.00000000,0.2354
1749263027,0.22650000,62.00000000,0.2354
1749263027,0.22630000,24.00000000,0.2354
1749263027,0.22580000,832.00000000,0.2354
1749263027,0.22530000,72.00000000,0.2354
1749263027,0.22500000,2246.00000000,0.2354
1749263027,0.22470000,24.00000000,0.2354
1749263027,0.22460000,55.00000000,0.2354
1749263027,0.22430000,3974.00000000,0.2354
1749263027,0.22420000,188.00000000,0.2354
1749263027,0.22330000,45.00000000,0.2354
1749263027,0.22310000,73.00000000,0.2354
1749263027,0.22300000,734.00000000,0.2354
1749263027,0.22250000,23.00000000,0.2354
1749263027,0.22230000,154.00000000,0.2354
1749263027,0.22220000,606.00000000,0.2354
1749263027,0.22160000,24.00000000,0.2354
1749263027,0.22140000,88.00000000,0.2354
1749263027,0.22100000,41.00000000,0.2354
1749263027,0.22030000,23.00000000,0.2354
1749263027,0.22010000,136.00000000,0.2354
1749263027,0.22000000,5123.00000000,0.2354
1749263335,0.23570000,383.00000000,0.2357
1749263335,0.23560000,17725.00000000,0.2357
1749263335,0.23550000,11971.00000000,0.2357
1749263335,0.23540000,23201.00000000,0.2357
1749263335,0.23530000,39871.00000000,0.2357
1749263335,0.23520000,38301.00000000,0.2357
1749263335,0.23510000,6297.00000000,0.2357
1749263335,0.23500000,14883.00000000,0.2357
1749263335,0.23490000,9554.00000000,0.2357
1749263335,0.23480000,6193.00000000,0.2357
1749263335,0.23470000,6297.00000000,0.2357
1749263335,0.23460000,5193.00000000,0.2357
1749263335,0.23450000,8839.00000000,0.2357
1749263335,0.23440000,7885.00000000,0.2357
1749263335,0.23430000,10240.00000000,0.2357
1749263335,0.23420000,13322.00000000,0.2357
1749263335,0.23410000,5872.00000000,0.2357
1749263335,0.23400000,3756.00000000,0.2357
1749263335,0.23390000,5872.00000000,0.2357
1749263335,0.23380000,3756.00000000,0.2357
1749263335,0.23370000,14094.00000000,0.2357
1749263335,0.23360000,3723.00000000,0.2357
1749263335,0.23350000,9443.00000000,0.2357
1749263335,0.23340000,3723.00000000,0.2357
1749263335,0.23330000,5839.00000000,0.2357
1749263335,0.23320000,7041.00000000,0.2357
1749263335,0.23310000,11053.00000000,0.2357
1749263335,0.23300000,5648.00000000,0.2357
1749263335,0.23290000,5864.00000000,0.2357
1749263335,0.23280000,3724.00000000,0.2357
1749263335,0.23270000,5840.00000000,0.2357
1749263335,0.23260000,1607.00000000,0.2357
1749263335,0.23250000,6393.00000000,0.2357
1749263335,0.23240000,1607.00000000,0.2357
1749263335,0.23230000,5840.00000000,0.2357
1749263335,0.23220000,1607.00000000,0.2357
1749263335,0.23210000,1607.00000000,0.2357
1749263335,0.23200000,4310.00000000,0.2357
1749263335,0.23190000,256.00000000,0.2357
1749263335,0.23180000,6243.00000000,0.2357
1749263335,0.23170000,77.00000000,0.2357
1749263335,0.23160000,4277.00000000,0.2357
1749263335,0.23150000,44.00000000,0.2357
1749263335,0.23140000,15109.00000000,0.2357
1749263335,0.23130000,68.00000000,0.2357
1749263335,0.23120000,44.00000000,0.2357
1749263335,0.23110000,44.00000000,0.2357
1749263335,0.23100000,44.00000000,0.2357
1749263335,0.23090000,44.00000000,0.2357
1749263335,0.23080000,44.00000000,0.2357
1749263335,0.23070000,2142.00000000,0.2357
1749263335,0.23060000,44.00000000,0.2357
1749263335,0.23050000,44.00000000,0.2357
1749263335,0.23040000,44.00000000,0.2357
1749263335,0.23030000,44.00000000,0.2357
1749263335,0.23020000,44.00000000,0.2357
1749263335,0.23010000,106.00000000,0.2357
1749263335,0.23000000,6354.00000000,0.2357
1749263335,0.22990000,44.00000000,0.2357
1749263335,0.22980000,44.00000000,0.2357
1749263335,0.22970000,44.00000000,0.2357
1749263335,0.22960000,68.00000000,0.2357
1749263335,0.22950000,44.00000000,0.2357
1749263335,0.22940000,83.00000000,0.2357
1749263335,0.22930000,44.00000000,0.2357
1749263335,0.22920000,174.00000000,0.2357
1749263335,0.22910000,99.00000000,0.2357
1749263335,0.22900000,44.00000000,0.2357
1749263335,0.22890000,44.00000000,0.2357
1749263335,0.22880000,44.00000000,0.2357
1749263335,0.22870000,44.00000000,0.2357
1749263335,0.22860000,81.00000000,0.2357
1749263335,0.22850000,93.00000000,0.2357
1749263335,0.22840000,44.00000000,0.2357
1749263335,0.22830000,44.00000000,0.2357
1749263335,0.22820000,44.00000000,0.2357
1749263335,0.22800000,50.00000000,0.2357
1749263335,0.22750000,25.00000000,0.2357
1749263335,0.22730000,26.00000000,0.2357
1749263335,0.22710000,128.00000000,0.2357
1749263335,0.22650000,62.00000000,0.2357
1749263335,0.22630000,796.00000000,0.2357
1749263335,0.22580000,58.00000000,0.2357
1749263335,0.22530000,72.00000000,0.2357
1749263335,0.22500000,2246.00000000,0.2357
1749263335,0.22470000,24.00000000,0.2357
1749263335,0.22460000,55.00000000,0.2357
1749263335,0.22430000,3974.00000000,0.2357
1749263335,0.22420000,188.00000000,0.2357
1749263335,0.22330000,45.00000000,0.2357
1749263335,0.22310000,73.00000000,0.2357
1749263335,0.22300000,734.00000000,0.2357
1749263335,0.22250000,23.00000000,0.2357
1749263335,0.22230000,154.00000000,0.2357
1749263335,0.22220000,606.00000000,0.2357
1749263335,0.22160000,24.00000000,0.2357
1749263335,0.22140000,88.00000000,0.2357
1749263335,0.22100000,41.00000000,0.2357
1749263335,0.22030000,23.00000000,0.2357
1749263335,0.22010000,136.00000000,0.2357
1749263636,0.23570000,2400.00000000,0.2357
1749263636,0.23560000,21499.00000000,0.2357
1749263636,0.23550000,19943.00000000,0.2357
1749263636,0.23540000,20656.00000000,0.2357
1749263636,0.23530000,51774.00000000,0.2357
1749263636,0.23520000,10347.00000000,0.2357
1749263636,0.23510000,14787.00000000,0.2357
1749263636,0.23500000,27078.00000000,0.2357
1749263636,0.23490000,9907.00000000,0.2357
1749263636,0.23480000,6193.00000000,0.2357
1749263636,0.23470000,8942.00000000,0.2357
1749263636,0.23460000,7734.00000000,0.2357
1749263636,0.23450000,6297.00000000,0.2357
1749263636,0.23440000,4181.00000000,0.2357
1749263636,0.23430000,9369.00000000,0.2357
1749263636,0.23420000,6191.00000000,0.2357
1749263636,0.23410000,8428.00000000,0.2357
1749263636,0.23400000,4183.00000000,0.2357
1749263636,0.23390000,5872.00000000,0.2357
1749263636,0.23380000,3756.00000000,0.2357
1749263636,0.23370000,14061.00000000,0.2357
1749263636,0.23360000,3723.00000000,0.2357
1749263636,0.23350000,9443.00000000,0.2357
1749263636,0.23340000,3723.00000000,0.2357
1749263636,0.23330000,5839.00000000,0.2357
1749263636,0.23320000,7041.00000000,0.2357
1749263636,0.23310000,5839.00000000,0.2357
1749263636,0.23300000,5648.00000000,0.2357
1749263636,0.23290000,5864.00000000,0.2357
1749263636,0.23280000,1607.00000000,0.2357
1749263636,0.23270000,5840.00000000,0.2357
1749263636,0.23260000,1607.00000000,0.2357
1749263636,0.23250000,5840.00000000,0.2357
1749263636,0.23240000,2160.00000000,0.2357
1749263636,0.23230000,5840.00000000,0.2357
1749263636,0.23220000,1607.00000000,0.2357
1749263636,0.23210000,1607.00000000,0.2357
1749263636,0.23200000,4310.00000000,0.2357
1749263636,0.23190000,256.00000000,0.2357
1749263636,0.23180000,6243.00000000,0.2357
1749263636,0.23170000,44.00000000,0.2357
1749263636,0.23160000,4277.00000000,0.2357
1749263636,0.23150000,44.00000000,0.2357
1749263636,0.23140000,15109.00000000,0.2357
1749263636,0.23130000,68.00000000,0.2357
1749263636,0.23120000,44.00000000,0.2357
1749263636,0.23110000,44.00000000,0.2357
1749263636,0.23100000,44.00000000,0.2357
1749263636,0.23090000,44.00000000,0.2357
1749263636,0.23080000,44.00000000,0.2357
1749263636,0.23070000,2142.00000000,0.2357
1749263636,0.23060000,44.00000000,0.2357
1749263636,0.23050000,44.00000000,0.2357
1749263636,0.23040000,44.00000000,0.2357
1749263636,0.23030000,44.00000000,0.2357
1749263636,0.23020000,44.00000000,0.2357
1749263636,0.23010000,106.00000000,0.2357
1749263636,0.23000000,6354.00000000,0.2357
1749263636,0.22990000,44.00000000,0.2357
1749263636,0.22980000,44.00000000,0.2357
1749263636,0.22970000,44.00000000,0.2357
1749263636,0.22960000,68.00000000,0.2357
1749263636,0.22950000,44.00000000,0.2357
1749263636,0.22940000,83.00000000,0.2357
1749263636,0.22930000,44.00000000,0.2357
1749263636,0.22920000,174.00000000,0.2357
1749263636,0.22910000,99.00000000,0.2357
1749263636,0.22900000,44.00000000,0.2357
1749263636,0.22890000,44.00000000,0.2357
1749263636,0.22880000,44.00000000,0.2357
1749263636,0.22870000,44.00000000,0.2357
1749263636,0.22860000,81.00000000,0.2357
1749263636,0.22850000,93.00000000,0.2357
1749263636,0.22840000,44.00000000,0.2357
1749263636,0.22830000,44.00000000,0.2357
1749263636,0.22820000,43.00000000,0.2357
1749263636,0.22800000,50.00000000,0.2357
1749263636,0.22750000,25.00000000,0.2357
1749263636,0.22730000,26.00000000,0.2357
1749263636,0.22710000,128.00000000,0.2357
1749263636,0.22650000,833.00000000,0.2357
1749263636,0.22630000,24.00000000,0.2357
1749263636,0.22580000,58.00000000,0.2357
1749263636,0.22530000,72.00000000,0.2357
1749263636,0.22500000,2246.00000000,0.2357
1749263636,0.22470000,24.00000000,0.2357
1749263636,0.22460000,55.00000000,0.2357
1749263636,0.22430000,3974.00000000,0.2357
1749263636,0.22420000,188.00000000,0.2357
1749263636,0.22330000,45.00000000,0.2357
1749263636,0.22310000,73.00000000,0.2357
1749263636,0.22300000,734.00000000,0.2357
1749263636,0.22250000,23.00000000,0.2357
1749263636,0.22230000,154.00000000,0.2357
1749263636,0.22220000,606.00000000,0.2357
1749263636,0.22160000,24.00000000,0.2357
1749263636,0.22140000,88.00000000,0.2357
1749263636,0.22100000,41.00000000,0.2357
1749263636,0.22030000,23.00000000,0.2357
1749263636,0.22010000,136.00000000,0.2357
1749263943,0.23620000,15639.00000000,0.2362
1749263943,0.23610000,5583.00000000,0.2362
1749263943,0.23600000,9345.00000000,0.2362
1749263943,0.23590000,18797.00000000,0.2362
1749263943,0.23580000,37041.00000000,0.2362
1749263943,0.23570000,28044.00000000,0.2362
1749263943,0.23560000,12782.00000000,0.2362
1749263943,0.23550000,9907.00000000,0.2362
1749263943,0.23540000,15432.00000000,0.2362
1749263943,0.23530000,16572.00000000,0.2362
1749263943,0.23520000,6541.00000000,0.2362
1749263943,0.23510000,17322.00000000,0.2362
1749263943,0.23500000,5231.00000000,0.2362
1749263943,0.23490000,6296.00000000,0.2362
1749263943,0.23480000,4180.00000000,0.2362
1749263943,0.23470000,5870.00000000,0.2362
1749263943,0.23460000,6833.00000000,0.2362
1749263943,0.23450000,14072.00000000,0.2362
1749263943,0.23440000,3754.00000000,0.2362
1749263943,0.23430000,5867.00000000,0.2362
1749263943,0.23420000,7349.00000000,0.2362
1749263943,0.23410000,5839.00000000,0.2362
1749263943,0.23400000,3723.00000000,0.2362
1749263943,0.23390000,5839.00000000,0.2362
1749263943,0.23380000,7032.00000000,0.2362
1749263943,0.23370000,5839.00000000,0.2362
1749263943,0.23360000,3723.00000000,0.2362
1749263943,0.23350000,5839.00000000,0.2362
1749263943,0.23340000,3723.00000000,0.2362
1749263943,0.23330000,5839.00000000,0.2362
1749263943,0.23320000,1606.00000000,0.2362
1749263943,0.23310000,5839.00000000,0.2362
1749263943,0.23300000,3531.00000000,0.2362
1749263943,0.23290000,5864.00000000,0.2362
1749263943,0.23280000,1607.00000000,0.2362
1749263943,0.23270000,6392.00000000,0.2362
1749263943,0.23260000,1607.00000000,0.2362
1749263943,0.23250000,5840.00000000,0.2362
1749263943,0.23240000,3536.00000000,0.2362
1749263943,0.23230000,4310.00000000,0.2362
1749263943,0.23220000,15021.00000000,0.2362
1749263943,0.23210000,44.00000000,0.2362
1749263943,0.23200000,44.00000000,0.2362
1749263943,0.23190000,223.00000000,0.2362
1749263943,0.23180000,44.00000000,0.2362
1749263943,0.23170000,44.00000000,0.2362
1749263943,0.23160000,44.00000000,0.2362
1749263943,0.23150000,44.00000000,0.2362
1749263943,0.23140000,44.00000000,0.2362
1749263943,0.23130000,68.00000000,0.2362
1749263943,0.23120000,1983.00000000,0.2362
1749263943,0.23110000,44.00000000,0.2362
1749263943,0.23100000,44.00000000,0.2362
1749263943,0.23090000,44.00000000,0.2362
1749263943,0.23080000,44.00000000,0.2362
1749263943,0.23070000,199.00000000,0.2362
1749263943,0.23060000,44.00000000,0.2362
1749263943,0.23050000,44.00000000,0.2362
1749263943,0.23040000,44.00000000,0.2362
1749263943,0.23030000,44.00000000,0.2362
1749263943,0.23020000,44.00000000,0.2362
1749263943,0.23010000,106.00000000,0.2362
1749263943,0.23000000,6354.00000000,0.2362
1749263943,0.22990000,44.00000000,0.2362
1749263943,0.22980000,44.00000000,0.2362
1749263943,0.22970000,44.00000000,0.2362
1749263943,0.22960000,68.00000000,0.2362
1749263943,0.22950000,44.00000000,0.2362
1749263943,0.22940000,83.00000000,0.2362
1749263943,0.22930000,44.00000000,0.2362
1749263943,0.22920000,174.00000000,0.2362
1749263943,0.22910000,99.00000000,0.2362
1749263943,0.22900000,44.00000000,0.2362
1749263943,0.22890000,44.00000000,0.2362
1749263943,0.22880000,44.00000000,0.2362
1749263943,0.22870000,43.00000000,0.2362
1749263943,0.22860000,37.00000000,0.2362
1749263943,0.22850000,49.00000000,0.2362
1749263943,0.22800000,50.00000000,0.2362
1749263943,0.22750000,25.00000000,0.2362
1749263943,0.22730000,26.00000000,0.2362
1749263943,0.22710000,128.00000000,0.2362
1749263943,0.22650000,833.00000000,0.2362
1749263943,0.22630000,24.00000000,0.2362
1749263943,0.22580000,58.00000000,0.2362
1749263943,0.22530000,72.00000000,0.2362
1749263943,0.22500000,2246.00000000,0.2362
1749263943,0.22470000,24.00000000,0.2362
1749263943,0.22460000,55.00000000,0.2362
1749263943,0.22430000,3974.00000000,0.2362
1749263943,0.22420000,188.00000000,0.2362
1749263943,0.22330000,45.00000000,0.2362
1749263943,0.22310000,73.00000000,0.2362
1749263943,0.22300000,734.00000000,0.2362
1749263943,0.22250000,23.00000000,0.2362
1749263943,0.22230000,154.00000000,0.2362
1749263943,0.22220000,606.00000000,0.2362
1749263943,0.22160000,24.00000000,0.2362
1749263943,0.22140000,88.00000000,0.2362
1749263943,0.22100000,41.00000000,0.2362
1749264245,0.23580000,1942.00000000,0.2359
1749264245,0.23570000,26921.00000000,0.2359
1749264245,0.23560000,29622.00000000,0.2359
1749264245,0.23550000,32260.00000000,0.2359
1749264245,0.23540000,33654.00000000,0.2359
1749264245,0.23530000,16998.00000000,0.2359
1749264245,0.23520000,4180.00000000,0.2359
1749264245,0.23510000,21737.00000000,0.2359
1749264245,0.23500000,4180.00000000,0.2359
1749264245,0.23490000,6296.00000000,0.2359
1749264245,0.23480000,6192.00000000,0.2359
1749264245,0.23470000,6296.00000000,0.2359
1749264245,0.23460000,6721.00000000,0.2359
1749264245,0.23450000,7377.00000000,0.2359
1749264245,0.23440000,5131.00000000,0.2359
1749264245,0.23430000,7999.00000000,0.2359
1749264245,0.23420000,7316.00000000,0.2359
1749264245,0.23410000,14046.00000000,0.2359
1749264245,0.23400000,3723.00000000,0.2359
1749264245,0.23390000,5839.00000000,0.2359
1749264245,0.23380000,7032.00000000,0.2359
1749264245,0.23370000,5839.00000000,0.2359
1749264245,0.23360000,3723.00000000,0.2359
1749264245,0.23350000,5839.00000000,0.2359
1749264245,0.23340000,3723.00000000,0.2359
1749264245,0.23330000,5839.00000000,0.2359
1749264245,0.23320000,1606.00000000,0.2359
1749264245,0.23310000,5839.00000000,0.2359
1749264245,0.23300000,3531.00000000,0.2359
1749264245,0.23290000,5864.00000000,0.2359
1749264245,0.23280000,1786.00000000,0.2359
1749264245,0.23270000,5840.00000000,0.2359
1749264245,0.23260000,1607.00000000,0.2359
1749264245,0.23250000,5840.00000000,0.2359
1749264245,0.23240000,1607.00000000,0.2359
1749264245,0.23230000,5840.00000000,0.2359
1749264245,0.23220000,14988.00000000,0.2359
1749264245,0.23210000,44.00000000,0.2359
1749264245,0.23200000,44.00000000,0.2359
1749264245,0.23190000,1977.00000000,0.2359
1749264245,0.23180000,44.00000000,0.2359
1749264245,0.23170000,44.00000000,0.2359
1749264245,0.23160000,44.00000000,0.2359
1749264245,0.23150000,44.00000000,0.2359
1749264245,0.23140000,44.00000000,0.2359
1749264245,0.23130000,68.00000000,0.2359
1749264245,0.23120000,1983.00000000,0.2359
1749264245,0.23110000,44.00000000,0.2359
1749264245,0.23100000,44.00000000,0.2359
1749264245,0.23090000,44.00000000,0.2359
1749264245,0.23080000,44.00000000,0.2359
1749264245,0.23070000,199.00000000,0.2359
1749264245,0.23060000,44.00000000,0.2359
1749264245,0.23050000,44.00000000,0.2359
1749264245,0.23040000,44.00000000,0.2359
1749264245,0.23030000,44.00000000,0.2359
1749264245,0.23020000,44.00000000,0.2359
1749264245,0.23010000,106.00000000,0.2359
1749264245,0.23000000,6354.00000000,0.2359
1749264245,0.22990000,44.00000000,0.2359
1749264245,0.22980000,44.00000000,0.2359
1749264245,0.22970000,44.00000000,0.2359
1749264245,0.22960000,68.00000000,0.2359
1749264245,0.22950000,44.00000000,0.2359
1749264245,0.22940000,83.00000000,0.2359
1749264245,0.22930000,44.00000000,0.2359
1749264245,0.22920000,174.00000000,0.2359
1749264245,0.22910000,99.00000000,0.2359
1749264245,0.22900000,44.00000000,0.2359
1749264245,0.22890000,44.00000000,0.2359
1749264245,0.22880000,44.00000000,0.2359
1749264245,0.22870000,43.00000000,0.2359
1749264245,0.22860000,80.00000000,0.2359
1749264245,0.22850000,92.00000000,0.2359
1749264245,0.22840000,43.00000000,0.2359
1749264245,0.22830000,43.00000000,0.2359
1749264245,0.22800000,50.00000000,0.2359
1749264245,0.22750000,25.00000000,0.2359
1749264245,0.22730000,26.00000000,0.2359
1749264245,0.22710000,128.00000000,0.2359
1749264245,0.22650000,833.00000000,0.2359
1749264245,0.22630000,24.00000000,0.2359
1749264245,0.22580000,58.00000000,0.2359
1749264245,0.22530000,72.00000000,0.2359
1749264245,0.22510000,3974.00000000,0.2359
1749264245,0.22500000,2246.00000000,0.2359
1749264245,0.22470000,24.00000000,0.2359
1749264245,0.22460000,55.00000000,0.2359
1749264245,0.22420000,188.00000000,0.2359
1749264245,0.22330000,45.00000000,0.2359
1749264245,0.22310000,73.00000000,0.2359
1749264245,0.22300000,734.00000000,0.2359
1749264245,0.22250000,23.00000000,0.2359
1749264245,0.22230000,154.00000000,0.2359
1749264245,0.22220000,606.00000000,0.2359
1749264245,0.22160000,24.00000000,0.2359
1749264245,0.22140000,88.00000000,0.2359
1749264245,0.22100000,41.00000000,0.2359
1749264245,0.22030000,23.00000000,0.2359
1749264245,0.22010000,136.00000000,0.2359
1749264552,0.23630000,16155.00000000,0.2361
1749264552,0.23620000,7476.00000000,0.2361
1749264552,0.23610000,16518.00000000,0.2361
1749264552,0.23600000,30490.00000000,0.2361
1749264552,0.23590000,20916.00000000,0.2361
1749264552,0.23580000,22252.00000000,0.2361
1749264552,0.23570000,30408.00000000,0.2361
1749264552,0.23560000,6869.00000000,0.2361
1749264552,0.23550000,9921.00000000,0.2361
1749264552,0.23540000,15452.00000000,0.2361
1749264552,0.23530000,25485.00000000,0.2361
1749264552,0.23520000,4180.00000000,0.2361
1749264552,0.23510000,6296.00000000,0.2361
1749264552,0.23500000,9779.00000000,0.2361
1749264552,0.23490000,7307.00000000,0.2361
1749264552,0.23480000,4180.00000000,0.2361
1749264552,0.23470000,6296.00000000,0.2361
1749264552,0.23460000,4702.00000000,0.2361
1749264552,0.23450000,14043.00000000,0.2361
1749264552,0.23440000,3754.00000000,0.2361
1749264552,0.23430000,5867.00000000,0.2361
1749264552,0.23420000,3723.00000000,0.2361
1749264552,0.23410000,9433.00000000,0.2361
1749264552,0.23400000,3723.00000000,0.2361
1749264552,0.23390000,5839.00000000,0.2361
1749264552,0.23380000,7032.00000000,0.2361
1749264552,0.23370000,5839.00000000,0.2361
1749264552,0.23360000,3723.00000000,0.2361
1749264552,0.23350000,5839.00000000,0.2361
1749264552,0.23340000,3723.00000000,0.2361
1749264552,0.23330000,5839.00000000,0.2361
1749264552,0.23320000,1606.00000000,0.2361
1749264552,0.23310000,5839.00000000,0.2361
1749264552,0.23300000,3531.00000000,0.2361
1749264552,0.23290000,6043.00000000,0.2361
1749264552,0.23280000,1607.00000000,0.2361
1749264552,0.23270000,5840.00000000,0.2361
1749264552,0.23260000,1607.00000000,0.2361
1749264552,0.23250000,4310.00000000,0.2361
1749264552,0.23240000,77.00000000,0.2361
1749264552,0.23230000,4310.00000000,0.2361
1749264552,0.23220000,14988.00000000,0.2361
1749264552,0.23210000,44.00000000,0.2361
1749264552,0.23200000,44.00000000,0.2361
1749264552,0.23190000,1977.00000000,0.2361
1749264552,0.23180000,44.00000000,0.2361
1749264552,0.23170000,44.00000000,0.2361
1749264552,0.23160000,44.00000000,0.2361
1749264552,0.23150000,44.00000000,0.2361
1749264552,0.23140000,44.00000000,0.2361
1749264552,0.23130000,68.00000000,0.2361
1749264552,0.23120000,1983.00000000,0.2361
1749264552,0.23110000,44.00000000,0.2361
1749264552,0.23100000,44.00000000,0.2361
1749264552,0.23090000,44.00000000,0.2361
1749264552,0.23080000,44.00000000,0.2361
1749264552,0.23070000,199.00000000,0.2361
1749264552,0.23060000,44.00000000,0.2361
1749264552,0.23050000,44.00000000,0.2361
1749264552,0.23040000,44.00000000,0.2361
1749264552,0.23030000,44.00000000,0.2361
1749264552,0.23020000,44.00000000,0.2361
1749264552,0.23010000,106.00000000,0.2361
1749264552,0.23000000,6354.00000000,0.2361
1749264552,0.22990000,44.00000000,0.2361
1749264552,0.22980000,44.00000000,0.2361
1749264552,0.22970000,44.00000000,0.2361
1749264552,0.22960000,68.00000000,0.2361
1749264552,0.22950000,44.00000000,0.2361
1749264552,0.22940000,83.00000000,0.2361
1749264552,0.22930000,44.00000000,0.2361
1749264552,0.22920000,174.00000000,0.2361
1749264552,0.22910000,99.00000000,0.2361
1749264552,0.22900000,44.00000000,0.2361
1749264552,0.22890000,44.00000000,0.2361
1749264552,0.22880000,44.00000000,0.2361
1749264552,0.22860000,37.00000000,0.2361
1749264552,0.22850000,49.00000000,0.2361
1749264552,0.22800000,50.00000000,0.2361
1749264552,0.22750000,25.00000000,0.2361
1749264552,0.22730000,26.00000000,0.2361
1749264552,0.22710000,128.00000000,0.2361
1749264552,0.22650000,833.00000000,0.2361
1749264552,0.22630000,24.00000000,0.2361
1749264552,0.22580000,58.00000000,0.2361
1749264552,0.22530000,72.00000000,0.2361
1749264552,0.22520000,3974.00000000,0.2361
1749264552,0.22500000,2246.00000000,0.2361
1749264552,0.22470000,24.00000000,0.2361
1749264552,0.22460000,55.00000000,0.2361
1749264552,0.22420000,188.00000000,0.2361
1749264552,0.22350000,45.00000000,0.2361
1749264552,0.22310000,73.00000000,0.2361
1749264552,0.22300000,734.00000000,0.2361
1749264552,0.22250000,23.00000000,0.2361
1749264552,0.22230000,154.00000000,0.2361
1749264552,0.22220000,606.00000000,0.2361
1749264552,0.22160000,24.00000000,0.2361
1749264552,0.22140000,88.00000000,0.2361
1749264552,0.22100000,41.00000000,0.2361
1749264853,0.23640000,1573.00000000,0.2365
1749264853,0.23630000,6632.00000000,0.2365
1749264853,0.23620000,13666.00000000,0.2365
1749264853,0.23610000,42204.00000000,0.2365
1749264853,0.23600000,29918.00000000,0.2365
1749264853,0.23590000,18991.00000000,0.2365
1749264853,0.23580000,16178.00000000,0.2365
1749264853,0.23570000,20222.00000000,0.2365
1749264853,0.23560000,16349.00000000,0.2365
1749264853,0.23550000,6648.00000000,0.2365
1749264853,0.23540000,6270.00000000,0.2365
1749264853,0.23530000,15650.00000000,0.2365
1749264853,0.23520000,6715.00000000,0.2365
1749264853,0.23510000,7236.00000000,0.2365
1749264853,0.23500000,6178.00000000,0.2365
1749264853,0.23490000,16530.00000000,0.2365
1749264853,0.23480000,4180.00000000,0.2365
1749264853,0.23470000,5870.00000000,0.2365
1749264853,0.23460000,3754.00000000,0.2365
1749264853,0.23450000,5862.00000000,0.2365
1749264853,0.23440000,3722.00000000,0.2365
1749264853,0.23430000,5835.00000000,0.2365
1749264853,0.23420000,3723.00000000,0.2365
1749264853,0.23410000,9433.00000000,0.2365
1749264853,0.23400000,3723.00000000,0.2365
1749264853,0.23390000,5839.00000000,0.2365
1749264853,0.23380000,7032.00000000,0.2365
1749264853,0.23370000,5839.00000000,0.2365
1749264853,0.23360000,1606.00000000,0.2365
1749264853,0.23350000,7758.00000000,0.2365
1749264853,0.23340000,1606.00000000,0.2365
1749264853,0.23330000,5839.00000000,0.2365
1749264853,0.23320000,1606.00000000,0.2365
1749264853,0.23310000,5839.00000000,0.2365
1749264853,0.23300000,1607.00000000,0.2365
1749264853,0.23290000,6043.00000000,0.2365
1749264853,0.23280000,77.00000000,0.2365
1749264853,0.23270000,6392.00000000,0.2365
1749264853,0.23260000,2004.00000000,0.2365
1749264853,0.23250000,4277.00000000,0.2365
1749264853,0.23240000,44.00000000,0.2365
1749264853,0.23230000,44.00000000,0.2365
1749264853,0.23220000,14988.00000000,0.2365
1749264853,0.23210000,44.00000000,0.2365
1749264853,0.23200000,44.00000000,0.2365
1749264853,0.23190000,44.00000000,0.2365
1749264853,0.23180000,44.00000000,0.2365
1749264853,0.23170000,1978.00000000,0.2365
1749264853,0.23160000,44.00000000,0.2365
1749264853,0.23150000,44.00000000,0.2365
1749264853,0.23140000,44.00000000,0.2365
1749264853,0.23130000,68.00000000,0.2365
1749264853,0.23120000,44.00000000,0.2365
1749264853,0.23110000,44.00000000,0.2365
1749264853,0.23100000,44.00000000,0.2365
1749264853,0.23090000,44.00000000,0.2365
1749264853,0.23080000,44.00000000,0.2365
1749264853,0.23070000,199.00000000,0.2365
1749264853,0.23060000,44.00000000,0.2365
1749264853,0.23050000,44.00000000,0.2365
1749264853,0.23040000,44.00000000,0.2365
1749264853,0.23030000,44.00000000,0.2365
1749264853,0.23020000,44.00000000,0.2365
1749264853,0.23010000,106.00000000,0.2365
1749264853,0.23000000,6354.00000000,0.2365
1749264853,0.22990000,44.00000000,0.2365
1749264853,0.22980000,44.00000000,0.2365
1749264853,0.22970000,44.00000000,0.2365
1749264853,0.22960000,68.00000000,0.2365
1749264853,0.22950000,44.00000000,0.2365
1749264853,0.22940000,83.00000000,0.2365
1749264853,0.22930000,44.00000000,0.2365
1749264853,0.22920000,174.00000000,0.2365
1749264853,0.22910000,99.00000000,0.2365
1749264853,0.22900000,43.00000000,0.2365
1749264853,0.22890000,43.00000000,0.2365
1749264853,0.22860000,37.00000000,0.2365
1749264853,0.22850000,49.00000000,0.2365
1749264853,0.22800000,24.00000000,0.2365
1749264853,0.22750000,25.00000000,0.2365
1749264853,0.22730000,26.00000000,0.2365
1749264853,0.22710000,128.00000000,0.2365
1749264853,0.22650000,833.00000000,0.2365
1749264853,0.22630000,24.00000000,0.2365
1749264853,0.22580000,58.00000000,0.2365
1749264853,0.22530000,72.00000000,0.2365
1749264853,0.22520000,3974.00000000,0.2365
1749264853,0.22500000,2246.00000000,0.2365
1749264853,0.22470000,24.00000000,0.2365
1749264853,0.22460000,55.00000000,0.2365
1749264853,0.22420000,188.00000000,0.2365
1749264853,0.22350000,45.00000000,0.2365
1749264853,0.22310000,73.00000000,0.2365
1749264853,0.22300000,734.00000000,0.2365
1749264853,0.22250000,23.00000000,0.2365
1749264853,0.22230000,154.00000000,0.2365
1749264853,0.22220000,606.00000000,0.2365
1749264853,0.22160000,24.00000000,0.2365
1749264853,0.22140000,88.00000000,0.2365
1749264853,0.22030000,23.00000000,0.2365
1749265156,0.23650000,14959.00000000,0.2366
1749265156,0.23640000,14453.00000000,0.2366
1749265156,0.23630000,18448.00000000,0.2366
1749265156,0.23620000,33105.00000000,0.2366
1749265156,0.23610000,39203.00000000,0.2366
1749265156,0.23600000,17964.00000000,0.2366
1749265156,0.23590000,6295.00000000,0.2366
1749265156,0.23580000,4601.00000000,0.2366
1749265156,0.23570000,31989.00000000,0.2366
1749265156,0.23560000,6185.00000000,0.2366
1749265156,0.23550000,6295.00000000,0.2366
1749265156,0.23540000,8789.00000000,0.2366
1749265156,0.23530000,7162.00000000,0.2366
1749265156,0.23520000,4179.00000000,0.2366
1749265156,0.23510000,9360.00000000,0.2366
1749265156,0.23500000,10229.00000000,0.2366
1749265156,0.23490000,13977.00000000,0.2366
1749265156,0.23480000,5877.00000000,0.2366
1749265156,0.23470000,9455.00000000,0.2366
1749265156,0.23460000,3754.00000000,0.2366
1749265156,0.23450000,5862.00000000,0.2366
1749265156,0.23440000,7023.00000000,0.2366
1749265156,0.23430000,5835.00000000,0.2366
1749265156,0.23420000,3723.00000000,0.2366
1749265156,0.23410000,11028.00000000,0.2366
1749265156,0.23400000,3723.00000000,0.2366
1749265156,0.23390000,5839.00000000,0.2366
1749265156,0.23380000,3723.00000000,0.2366
1749265156,0.23370000,5839.00000000,0.2366
1749265156,0.23360000,1606.00000000,0.2366
1749265156,0.23350000,7758.00000000,0.2366
1749265156,0.23340000,1606.00000000,0.2366
1749265156,0.23330000,5839.00000000,0.2366
1749265156,0.23320000,1606.00000000,0.2366
1749265156,0.23310000,7762.00000000,0.2366
1749265156,0.23300000,16661.00000000,0.2366
1749265156,0.23290000,6595.00000000,0.2366
1749265156,0.23280000,77.00000000,0.2366
1749265156,0.23270000,4310.00000000,0.2366
1749265156,0.23260000,77.00000000,0.2366
1749265156,0.23250000,44.00000000,0.2366
1749265156,0.23240000,44.00000000,0.2366
1749265156,0.23230000,44.00000000,0.2366
1749265156,0.23220000,44.00000000,0.2366
1749265156,0.23210000,44.00000000,0.2366
1749265156,0.23200000,44.00000000,0.2366
1749265156,0.23190000,172.00000000,0.2366
1749265156,0.23180000,44.00000000,0.2366
1749265156,0.23170000,1978.00000000,0.2366
1749265156,0.23160000,44.00000000,0.2366
1749265156,0.23150000,44.00000000,0.2366
1749265156,0.23140000,44.00000000,0.2366
1749265156,0.23130000,68.00000000,0.2366
1749265156,0.23120000,44.00000000,0.2366
1749265156,0.23110000,44.00000000,0.2366
1749265156,0.23100000,44.00000000,0.2366
1749265156,0.23090000,44.00000000,0.2366
1749265156,0.23080000,44.00000000,0.2366
1749265156,0.23070000,199.00000000,0.2366
1749265156,0.23060000,44.00000000,0.2366
1749265156,0.23050000,44.00000000,0.2366
1749265156,0.23040000,44.00000000,0.2366
1749265156,0.23030000,44.00000000,0.2366
1749265156,0.23020000,44.00000000,0.2366
1749265156,0.23010000,106.00000000,0.2366
1749265156,0.23000000,6354.00000000,0.2366
1749265156,0.22990000,44.00000000,0.2366
1749265156,0.22980000,44.00000000,0.2366
1749265156,0.22970000,44.00000000,0.2366
1749265156,0.22960000,68.00000000,0.2366
1749265156,0.22950000,44.00000000,0.2366
1749265156,0.22940000,83.00000000,0.2366
1749265156,0.22930000,44.00000000,0.2366
1749265156,0.22920000,174.00000000,0.2366
1749265156,0.22910000,98.00000000,0.2366
1749265156,0.22900000,43.00000000,0.2366
1749265156,0.22860000,37.00000000,0.2366
1749265156,0.22850000,49.00000000,0.2366
1749265156,0.22800000,24.00000000,0.2366
1749265156,0.22750000,25.00000000,0.2366
1749265156,0.22730000,794.00000000,0.2366
1749265156,0.22710000,128.00000000,0.2366
1749265156,0.22650000,62.00000000,0.2366
1749265156,0.22630000,24.00000000,0.2366
1749265156,0.22580000,58.00000000,0.2366
1749265156,0.22530000,72.00000000,0.2366
1749265156,0.22520000,3974.00000000,0.2366
1749265156,0.22500000,2246.00000000,0.2366
1749265156,0.22470000,24.00000000,0.2366
1749265156,0.22460000,55.00000000,0.2366
1749265156,0.22420000,188.00000000,0.2366
1749265156,0.22350000,45.00000000,0.2366
1749265156,0.22310000,73.00000000,0.2366
1749265156,0.22300000,734.00000000,0.2366
1749265156,0.22250000,23.00000000,0.2366
1749265156,0.22230000,154.00000000,0.2366
1749265156,0.22220000,606.00000000,0.2366
1749265156,0.22160000,24.00000000,0.2366
1749265156,0.22140000,88.00000000,0.2366
1749265156,0.22030000,23.00000000,0.2366
1749265458,0.23700000,1878.00000000,0.237
1749265458,0.23690000,4677.00000000,0.237
1749265458,0.23680000,12934.00000000,0.237
1749265458,0.23670000,36670.00000000,0.237
1749265458,0.23660000,38866.00000000,0.237
1749265458,0.23650000,17194.00000000,0.237
1749265458,0.23640000,34644.00000000,0.237
1749265458,0.23630000,9493.00000000,0.237
1749265458,0.23620000,16349.00000000,0.237
1749265458,0.23610000,9332.00000000,0.237
1749265458,0.23600000,12641.00000000,0.237
1749265458,0.23590000,8298.00000000,0.237
1749265458,0.23580000,6707.00000000,0.237
1749265458,0.23570000,6295.00000000,0.237
1749265458,0.23560000,4179.00000000,0.237
1749265458,0.23550000,6295.00000000,0.237
1749265458,0.23540000,7370.00000000,0.237
1749265458,0.23530000,14451.00000000,0.237
1749265458,0.23520000,4179.00000000,0.237
1749265458,0.23510000,5870.00000000,0.237
1749265458,0.23500000,10229.00000000,0.237
1749265458,0.23490000,5838.00000000,0.237
1749265458,0.23480000,7307.00000000,0.237
1749265458,0.23470000,5838.00000000,0.237
1749265458,0.23460000,3722.00000000,0.237
1749265458,0.23450000,5862.00000000,0.237
1749265458,0.23440000,3722.00000000,0.237
1749265458,0.23430000,5835.00000000,0.237
1749265458,0.23420000,3723.00000000,0.237
1749265458,0.23410000,5839.00000000,0.237
1749265458,0.23400000,3521.00000000,0.237
1749265458,0.23390000,5839.00000000,0.237
1749265458,0.23380000,1606.00000000,0.237
1749265458,0.23370000,5839.00000000,0.237
1749265458,0.23360000,1606.00000000,0.237
1749265458,0.23350000,5839.00000000,0.237
1749265458,0.23340000,1606.00000000,0.237
1749265458,0.23330000,5839.00000000,0.237
1749265458,0.23320000,76.00000000,0.237
1749265458,0.23310000,6232.00000000,0.237
1749265458,0.23300000,15131.00000000,0.237
1749265458,0.23290000,799.00000000,0.237
1749265458,0.23280000,44.00000000,0.237
1749265458,0.23270000,44.00000000,0.237
1749265458,0.23260000,44.00000000,0.237
1749265458,0.23250000,44.00000000,0.237
1749265458,0.23240000,44.00000000,0.237
1749265458,0.23230000,44.00000000,0.237
1749265458,0.23220000,44.00000000,0.237
1749265458,0.23210000,44.00000000,0.237
1749265458,0.23200000,44.00000000,0.237
1749265458,0.23190000,172.00000000,0.237
1749265458,0.23180000,44.00000000,0.237
1749265458,0.23170000,1978.00000000,0.237
1749265458,0.23160000,44.00000000,0.237
1749265458,0.23150000,44.00000000,0.237
1749265458,0.23140000,44.00000000,0.237
1749265458,0.23130000,68.00000000,0.237
1749265458,0.23120000,44.00000000,0.237
1749265458,0.23110000,44.00000000,0.237
1749265458,0.23100000,44.00000000,0.237
1749265458,0.23090000,44.00000000,0.237
1749265458,0.23080000,44.00000000,0.237
1749265458,0.23070000,199.00000000,0.237
1749265458,0.23060000,44.00000000,0.237
1749265458,0.23050000,44.00000000,0.237
1749265458,0.23040000,44.00000000,0.237
1749265458,0.23030000,44.00000000,0.237
1749265458,0.23020000,44.00000000,0.237
1749265458,0.23010000,106.00000000,0.237
1749265458,0.23000000,6354.00000000,0.237
1749265458,0.22990000,44.00000000,0.237
1749265458,0.22980000,44.00000000,0.237
1749265458,0.22970000,44.00000000,0.237
1749265458,0.22960000,68.00000000,0.237
1749265458,0.22950000,44.00000000,0.237
1749265458,0.22940000,39.00000000,0.237
1749265458,0.22920000,130.00000000,0.237
1749265458,0.22910000,55.00000000,0.237
1749265458,0.22860000,37.00000000,0.237
1749265458,0.22850000,49.00000000,0.237
1749265458,0.22800000,24.00000000,0.237
1749265458,0.22750000,25.00000000,0.237
1749265458,0.22730000,794.00000000,0.237
1749265458,0.22710000,128.00000000,0.237
1749265458,0.22650000,62.00000000,0.237
1749265458,0.22630000,24.00000000,0.237
1749265458,0.22580000,58.00000000,0.237
1749265458,0.22530000,72.00000000,0.237
1749265458,0.22520000,3974.00000000,0.237
1749265458,0.22500000,2246.00000000,0.237
1749265458,0.22470000,24.00000000,0.237
1749265458,0.22460000,55.00000000,0.237
1749265458,0.22420000,188.00000000,0.237
1749265458,0.22310000,73.00000000,0.237
1749265458,0.22300000,734.00000000,0.237
1749265458,0.22290000,45.00000000,0.237
1749265458,0.22250000,23.00000000,0.237
1749265458,0.22230000,154.00000000,0.237
1749265458,0.22220000,606.00000000,0.237
1749265759,0.23710000,5451.00000000,0.2371
1749265759,0.23700000,17155.00000000,0.2371
1749265759,0.23690000,14536.00000000,0.2371
1749265759,0.23680000,34810.00000000,0.2371
1749265759,0.23670000,25435.00000000,0.2371
1749265759,0.23660000,25349.00000000,0.2371
1749265759,0.23650000,15199.00000000,0.2371
1749265759,0.23640000,17916.00000000,0.2371
1749265759,0.23630000,21738.00000000,0.2371
1749265759,0.23620000,4178.00000000,0.2371
1749265759,0.23610000,6645.00000000,0.2371
1749265759,0.23600000,12640.00000000,0.2371
1749265759,0.23590000,9866.00000000,0.2371
1749265759,0.23580000,6182.00000000,0.2371
1749265759,0.23570000,6294.00000000,0.2371
1749265759,0.23560000,4178.00000000,0.2371
1749265759,0.23550000,5870.00000000,0.2371
1749265759,0.23540000,2828.00000000,0.2371
1749265759,0.23530000,14026.00000000,0.2371
1749265759,0.23520000,3754.00000000,0.2371
1749265759,0.23510000,5870.00000000,0.2371
1749265759,0.23500000,3722.00000000,0.2371
1749265759,0.23490000,5838.00000000,0.2371
1749265759,0.23480000,10602.00000000,0.2371
1749265759,0.23470000,5838.00000000,0.2371
1749265759,0.23460000,3722.00000000,0.2371
1749265759,0.23450000,5862.00000000,0.2371
1749265759,0.23440000,3722.00000000,0.2371
1749265759,0.23430000,5835.00000000,0.2371
1749265759,0.23420000,3723.00000000,0.2371
1749265759,0.23410000,5839.00000000,0.2371
1749265759,0.23400000,3521.00000000,0.2371
1749265759,0.23390000,5839.00000000,0.2371
1749265759,0.23380000,1606.00000000,0.2371
1749265759,0.23370000,5839.00000000,0.2371
1749265759,0.23360000,3525.00000000,0.2371
1749265759,0.23350000,5839.00000000,0.2371
1749265759,0.23340000,2157.00000000,0.2371
1749265759,0.23330000,4309.00000000,0.2371
1749265759,0.23320000,76.00000000,0.2371
1749265759,0.23310000,4309.00000000,0.2371
1749265759,0.23300000,15098.00000000,0.2371
1749265759,0.23290000,247.00000000,0.2371
1749265759,0.23280000,44.00000000,0.2371
1749265759,0.23270000,44.00000000,0.2371
1749265759,0.23260000,44.00000000,0.2371
1749265759,0.23250000,44.00000000,0.2371
1749265759,0.23240000,44.00000000,0.2371
1749265759,0.23230000,44.00000000,0.2371
1749265759,0.23220000,1974.00000000,0.2371
1749265759,0.23210000,44.00000000,0.2371
1749265759,0.23200000,44.00000000,0.2371
1749265759,0.23190000,172.00000000,0.2371
1749265759,0.23180000,44.00000000,0.2371
1749265759,0.23170000,44.00000000,0.2371
1749265759,0.23160000,44.00000000,0.2371
1749265759,0.23150000,44.00000000,0.2371
1749265759,0.23140000,44.00000000,0.2371
1749265759,0.23130000,68.00000000,0.2371
1749265759,0.23120000,44.00000000,0.2371
1749265759,0.23110000,44.00000000,0.2371
1749265759,0.23100000,44.00000000,0.2371
1749265759,0.23090000,44.00000000,0.2371
1749265759,0.23080000,44.00000000,0.2371
1749265759,0.23070000,199.00000000,0.2371
1749265759,0.23060000,44.00000000,0.2371
1749265759,0.23050000,44.00000000,0.2371
1749265759,0.23040000,44.00000000,0.2371
1749265759,0.23030000,44.00000000,0.2371
1749265759,0.23020000,44.00000000,0.2371
1749265759,0.23010000,106.00000000,0.2371
1749265759,0.23000000,6354.00000000,0.2371
1749265759,0.22990000,44.00000000,0.2371
1749265759,0.22980000,44.00000000,0.2371
1749265759,0.22970000,44.00000000,0.2371
1749265759,0.22960000,68.00000000,0.2371
1749265759,0.22940000,39.00000000,0.2371
1749265759,0.22920000,130.00000000,0.2371
1749265759,0.22910000,55.00000000,0.2371
1749265759,0.22860000,37.00000000,0.2371
1749265759,0.22850000,49.00000000,0.2371
1749265759,0.22800000,24.00000000,0.2371
1749265759,0.22750000,25.00000000,0.2371
1749265759,0.22730000,794.00000000,0.2371
1749265759,0.22710000,128.00000000,0.2371
1749265759,0.22650000,62.00000000,0.2371
1749265759,0.22630000,24.00000000,0.2371
1749265759,0.22580000,58.00000000,0.2371
1749265759,0.22530000,72.00000000,0.2371
1749265759,0.22520000,3974.00000000,0.2371
1749265759,0.22500000,2246.00000000,0.2371
1749265759,0.22470000,24.00000000,0.2371
1749265759,0.22460000,55.00000000,0.2371
1749265759,0.22420000,188.00000000,0.2371
1749265759,0.22310000,73.00000000,0.2371
1749265759,0.22300000,734.00000000,0.2371
1749265759,0.22290000,45.00000000,0.2371
1749265759,0.22250000,23.00000000,0.2371
1749265759,0.22230000,154.00000000,0.2371
1749265759,0.22220000,606.00000000,0.2371
1749266061,0.23760000,348.00000000,0.2376
1749266061,0.23750000,16367.00000000,0.2376
1749266061,0.23740000,7245.00000000,0.2376
1749266061,0.23730000,18682.00000000,0.2376
1749266061,0.23720000,33110.00000000,0.2376
1749266061,0.23710000,34291.00000000,0.2376
1749266061,0.23700000,21361.00000000,0.2376
1749266061,0.23690000,14181.00000000,0.2376
1749266061,0.23680000,16341.00000000,0.2376
1749266061,0.23670000,17564.00000000,0.2376
1749266061,0.23660000,4178.00000000,0.2376
1749266061,0.23650000,6294.00000000,0.2376
1749266061,0.23640000,9739.00000000,0.2376
1749266061,0.23630000,6294.00000000,0.2376
1749266061,0.23620000,4178.00000000,0.2376
1749266061,0.23610000,6294.00000000,0.2376
1749266061,0.23600000,4178.00000000,0.2376
1749266061,0.23590000,6294.00000000,0.2376
1749266061,0.23580000,4178.00000000,0.2376
1749266061,0.23570000,14091.00000000,0.2376
1749266061,0.23560000,3754.00000000,0.2376
1749266061,0.23550000,5838.00000000,0.2376
1749266061,0.23540000,6372.00000000,0.2376
1749266061,0.23530000,5838.00000000,0.2376
1749266061,0.23520000,7012.00000000,0.2376
1749266061,0.23510000,5838.00000000,0.2376
1749266061,0.23500000,3722.00000000,0.2376
1749266061,0.23490000,5838.00000000,0.2376
1749266061,0.23480000,5631.00000000,0.2376
1749266061,0.23470000,5838.00000000,0.2376
1749266061,0.23460000,1605.00000000,0.2376
1749266061,0.23450000,5862.00000000,0.2376
1749266061,0.23440000,1605.00000000,0.2376
1749266061,0.23430000,5835.00000000,0.2376
1749266061,0.23420000,1606.00000000,0.2376
1749266061,0.23410000,7753.00000000,0.2376
1749266061,0.23400000,1606.00000000,0.2376
1749266061,0.23390000,6389.00000000,0.2376
1749266061,0.23380000,14917.00000000,0.2376
1749266061,0.23370000,4309.00000000,0.2376
1749266061,0.23360000,76.00000000,0.2376
1749266061,0.23350000,43.00000000,0.2376
1749266061,0.23340000,43.00000000,0.2376
1749266061,0.23330000,43.00000000,0.2376
1749266061,0.23320000,43.00000000,0.2376
1749266061,0.23310000,43.00000000,0.2376
1749266061,0.23300000,44.00000000,0.2376
1749266061,0.23290000,247.00000000,0.2376
1749266061,0.23280000,1969.00000000,0.2376
1749266061,0.23270000,44.00000000,0.2376
1749266061,0.23260000,44.00000000,0.2376
1749266061,0.23250000,44.00000000,0.2376
1749266061,0.23240000,44.00000000,0.2376
1749266061,0.23230000,44.00000000,0.2376
1749266061,0.23220000,44.00000000,0.2376
1749266061,0.23210000,44.00000000,0.2376
1749266061,0.23200000,44.00000000,0.2376
1749266061,0.23190000,172.00000000,0.2376
1749266061,0.23180000,44.00000000,0.2376
1749266061,0.23170000,44.00000000,0.2376
1749266061,0.23160000,44.00000000,0.2376
1749266061,0.23150000,44.00000000,0.2376
1749266061,0.23140000,44.00000000,0.2376
1749266061,0.23130000,68.00000000,0.2376
1749266061,0.23120000,44.00000000,0.2376
1749266061,0.23110000,44.00000000,0.2376
1749266061,0.23100000,44.00000000,0.2376
1749266061,0.23090000,44.00000000,0.2376
1749266061,0.23080000,44.00000000,0.2376
1749266061,0.23070000,199.00000000,0.2376
1749266061,0.23060000,44.00000000,0.2376
1749266061,0.23050000,44.00000000,0.2376
1749266061,0.23040000,44.00000000,0.2376
1749266061,0.23030000,44.00000000,0.2376
1749266061,0.23020000,44.00000000,0.2376
1749266061,0.23010000,106.00000000,0.2376
1749266061,0.23000000,6310.00000000,0.2376
1749266061,0.22960000,24.00000000,0.2376
1749266061,0.22940000,39.00000000,0.2376
1749266061,0.22920000,130.00000000,0.2376
1749266061,0.22910000,55.00000000,0.2376
1749266061,0.22860000,37.00000000,0.2376
1749266061,0.22850000,49.00000000,0.2376
1749266061,0.22800000,24.00000000,0.2376
1749266061,0.22750000,25.00000000,0.2376
1749266061,0.22730000,794.00000000,0.2376
1749266061,0.22710000,128.00000000,0.2376
1749266061,0.22650000,62.00000000,0.2376
1749266061,0.22630000,24.00000000,0.2376
1749266061,0.22580000,58.00000000,0.2376
1749266061,0.22530000,72.00000000,0.2376
1749266061,0.22520000,3974.00000000,0.2376
1749266061,0.22500000,2246.00000000,0.2376
1749266061,0.22470000,24.00000000,0.2376
1749266061,0.22460000,55.00000000,0.2376
1749266061,0.22420000,188.00000000,0.2376
1749266061,0.22310000,73.00000000,0.2376
1749266061,0.22300000,734.00000000,0.2376
1749266061,0.22290000,45.00000000,0.2376
1749266061,0.22250000,23.00000000,0.2376
1749266363,0.23730000,3794.00000000,0.2376
1749266363,0.23720000,25490.00000000,0.2376
1749266363,0.23710000,31925.00000000,0.2376
1749266363,0.23700000,26321.00000000,0.2376
1749266363,0.23690000,12619.00000000,0.2376
1749266363,0.23680000,11861.00000000,0.2376
1749266363,0.23670000,20779.00000000,0.2376
1749266363,0.23660000,16263.00000000,0.2376
1749266363,0.23650000,6293.00000000,0.2376
1749266363,0.23640000,5567.00000000,0.2376
1749266363,0.23630000,6293.00000000,0.2376
1749266363,0.23620000,8726.00000000,0.2376
1749266363,0.23610000,6294.00000000,0.2376
1749266363,0.23600000,4178.00000000,0.2376
1749266363,0.23590000,6294.00000000,0.2376
1749266363,0.23580000,3754.00000000,0.2376
1749266363,0.23570000,14040.00000000,0.2376
1749266363,0.23560000,7295.00000000,0.2376
1749266363,0.23550000,5838.00000000,0.2376
1749266363,0.23540000,2796.00000000,0.2376
1749266363,0.23530000,5838.00000000,0.2376
1749266363,0.23520000,7012.00000000,0.2376
1749266363,0.23510000,5838.00000000,0.2376
1749266363,0.23500000,3722.00000000,0.2376
1749266363,0.23490000,5838.00000000,0.2376
1749266363,0.23480000,3514.00000000,0.2376
1749266363,0.23470000,5838.00000000,0.2376
1749266363,0.23460000,1605.00000000,0.2376
1749266363,0.23450000,5862.00000000,0.2376
1749266363,0.23440000,1605.00000000,0.2376
1749266363,0.23430000,5835.00000000,0.2376
1749266363,0.23420000,1606.00000000,0.2376
1749266363,0.23410000,5839.00000000,0.2376
1749266363,0.23400000,1991.00000000,0.2376
1749266363,0.23390000,5839.00000000,0.2376
1749266363,0.23380000,16509.00000000,0.2376
1749266363,0.23370000,43.00000000,0.2376
1749266363,0.23360000,43.00000000,0.2376
1749266363,0.23350000,43.00000000,0.2376
1749266363,0.23340000,43.00000000,0.2376
1749266363,0.23330000,43.00000000,0.2376
1749266363,0.23320000,43.00000000,0.2376
1749266363,0.23310000,43.00000000,0.2376
1749266363,0.23300000,44.00000000,0.2376
1749266363,0.23290000,1777.00000000,0.2376
1749266363,0.23280000,1969.00000000,0.2376
1749266363,0.23270000,44.00000000,0.2376
1749266363,0.23260000,44.00000000,0.2376
1749266363,0.23250000,44.00000000,0.2376
1749266363,0.23240000,44.00000000,0.2376
1749266363,0.23230000,44.00000000,0.2376
1749266363,0.23220000,44.00000000,0.2376
1749266363,0.23210000,44.00000000,0.2376
1749266363,0.23200000,44.00000000,0.2376
1749266363,0.23190000,172.00000000,0.2376
1749266363,0.23180000,44.00000000,0.2376
1749266363,0.23170000,44.00000000,0.2376
1749266363,0.23160000,44.00000000,0.2376
1749266363,0.23150000,44.00000000,0.2376
1749266363,0.23140000,44.00000000,0.2376
1749266363,0.23130000,68.00000000,0.2376
1749266363,0.23120000,44.00000000,0.2376
1749266363,0.23110000,44.00000000,0.2376
1749266363,0.23100000,44.00000000,0.2376
1749266363,0.23090000,44.00000000,0.2376
1749266363,0.23080000,44.00000000,0.2376
1749266363,0.23070000,199.00000000,0.2376
1749266363,0.23060000,44.00000000,0.2376
1749266363,0.23050000,44.00000000,0.2376
1749266363,0.23040000,44.00000000,0.2376
1749266363,0.23030000,44.00000000,0.2376
1749266363,0.23020000,43.00000000,0.2376
1749266363,0.23010000,105.00000000,0.2376
1749266363,0.23000000,6353.00000000,0.2376
1749266363,0.22990000,43.00000000,0.2376
1749266363,0.22980000,43.00000000,0.2376
1749266363,0.22960000,24.00000000,0.2376
1749266363,0.22940000,39.00000000,0.2376
1749266363,0.22920000,130.00000000,0.2376
1749266363,0.22910000,55.00000000,0.2376
1749266363,0.22860000,37.00000000,0.2376
1749266363,0.22850000,49.00000000,0.2376
1749266363,0.22800000,789.00000000,0.2376
1749266363,0.22760000,4410.00000000,0.2376
1749266363,0.22750000,25.00000000,0.2376
1749266363,0.22730000,26.00000000,0.2376
1749266363,0.22710000,128.00000000,0.2376
1749266363,0.22650000,62.00000000,0.2376
1749266363,0.22630000,24.00000000,0.2376
1749266363,0.22580000,58.00000000,0.2376
1749266363,0.22530000,72.00000000,0.2376
1749266363,0.22520000,3974.00000000,0.2376
1749266363,0.22500000,2246.00000000,0.2376
1749266363,0.22470000,24.00000000,0.2376
1749266363,0.22460000,55.00000000,0.2376
1749266363,0.22420000,188.00000000,0.2376
1749266363,0.22310000,73.00000000,0.2376
1749266363,0.22300000,734.00000000,0.2376
1749266363,0.22290000,45.00000000,0.2376
1749266363,0.22250000,23.00000000,0.2376
1749266665,0.23780000,3370.00000000,0.2378
1749266665,0.23770000,17117.00000000,0.2378
1749266665,0.23760000,18525.00000000,0.2378
1749266665,0.23750000,34341.00000000,0.2378
1749266665,0.23740000,16365.00000000,0.2378
1749266665,0.23730000,27795.00000000,0.2378
1749266665,0.23720000,13411.00000000,0.2378
1749266665,0.23710000,18742.00000000,0.2378
1749266665,0.23700000,16618.00000000,0.2378
1749266665,0.23690000,6293.00000000,0.2378
1749266665,0.23680000,4178.00000000,0.2378
1749266665,0.23670000,6511.00000000,0.2378
1749266665,0.23660000,6697.00000000,0.2378
1749266665,0.23650000,6293.00000000,0.2378
1749266665,0.23640000,5040.00000000,0.2378
1749266665,0.23630000,7333.00000000,0.2378
1749266665,0.23620000,5137.00000000,0.2378
1749266665,0.23610000,14495.00000000,0.2378
1749266665,0.23600000,5871.00000000,0.2378
1749266665,0.23590000,5870.00000000,0.2378
1749266665,0.23580000,3754.00000000,0.2378
1749266665,0.23570000,5838.00000000,0.2378
1749266665,0.23560000,7295.00000000,0.2378
1749266665,0.23550000,5838.00000000,0.2378
1749266665,0.23540000,2796.00000000,0.2378
1749266665,0.23530000,5838.00000000,0.2378
1749266665,0.23520000,7012.00000000,0.2378
1749266665,0.23510000,5838.00000000,0.2378
1749266665,0.23500000,3722.00000000,0.2378
1749266665,0.23490000,5838.00000000,0.2378
1749266665,0.23480000,3514.00000000,0.2378
1749266665,0.23470000,5838.00000000,0.2378
1749266665,0.23460000,1605.00000000,0.2378
1749266665,0.23450000,5862.00000000,0.2378
1749266665,0.23440000,1605.00000000,0.2378
1749266665,0.23430000,5835.00000000,0.2378
1749266665,0.23420000,1606.00000000,0.2378
1749266665,0.23410000,5839.00000000,0.2378
1749266665,0.23400000,3521.00000000,0.2378
1749266665,0.23390000,4309.00000000,0.2378
1749266665,0.23380000,14979.00000000,0.2378
1749266665,0.23370000,43.00000000,0.2378
1749266665,0.23360000,43.00000000,0.2378
1749266665,0.23350000,43.00000000,0.2378
1749266665,0.23340000,43.00000000,0.2378
1749266665,0.23330000,43.00000000,0.2378
1749266665,0.23320000,43.00000000,0.2378
1749266665,0.23310000,43.00000000,0.2378
1749266665,0.23300000,223.00000000,0.2378
1749266665,0.23290000,68.00000000,0.2378
1749266665,0.23280000,1995.00000000,0.2378
1749266665,0.23270000,44.00000000,0.2378
1749266665,0.23260000,44.00000000,0.2378
1749266665,0.23250000,44.00000000,0.2378
1749266665,0.23240000,44.00000000,0.2378
1749266665,0.23230000,44.00000000,0.2378
1749266665,0.23220000,44.00000000,0.2378
1749266665,0.23210000,44.00000000,0.2378
1749266665,0.23200000,44.00000000,0.2378
1749266665,0.23190000,172.00000000,0.2378
1749266665,0.23180000,44.00000000,0.2378
1749266665,0.23170000,44.00000000,0.2378
1749266665,0.23160000,44.00000000,0.2378
1749266665,0.23150000,44.00000000,0.2378
1749266665,0.23140000,44.00000000,0.2378
1749266665,0.23130000,68.00000000,0.2378
1749266665,0.23120000,44.00000000,0.2378
1749266665,0.23110000,44.00000000,0.2378
1749266665,0.23100000,44.00000000,0.2378
1749266665,0.23090000,44.00000000,0.2378
1749266665,0.23080000,44.00000000,0.2378
1749266665,0.23070000,199.00000000,0.2378
1749266665,0.23060000,44.00000000,0.2378
1749266665,0.23050000,44.00000000,0.2378
1749266665,0.23040000,44.00000000,0.2378
1749266665,0.23030000,44.00000000,0.2378
1749266665,0.23010000,62.00000000,0.2378
1749266665,0.23000000,6310.00000000,0.2378
1749266665,0.22960000,24.00000000,0.2378
1749266665,0.22940000,39.00000000,0.2378
1749266665,0.22920000,130.00000000,0.2378
1749266665,0.22910000,55.00000000,0.2378
1749266665,0.22860000,37.00000000,0.2378
1749266665,0.22850000,49.00000000,0.2378
1749266665,0.22810000,35.00000000,0.2378
1749266665,0.22800000,789.00000000,0.2378
1749266665,0.22750000,25.00000000,0.2378
1749266665,0.22730000,26.00000000,0.2378
1749266665,0.22710000,128.00000000,0.2378
1749266665,0.22650000,62.00000000,0.2378
1749266665,0.22630000,3998.00000000,0.2378
1749266665,0.22580000,58.00000000,0.2378
1749266665,0.22530000,72.00000000,0.2378
1749266665,0.22500000,2246.00000000,0.2378
1749266665,0.22470000,24.00000000,0.2378
1749266665,0.22460000,55.00000000,0.2378
1749266665,0.22420000,188.00000000,0.2378
1749266665,0.22330000,45.00000000,0.2378
1749266665,0.22310000,73.00000000,0.2378
1749266665,0.22300000,734.00000000,0.2378
1749266967,0.23760000,1573.00000000,0.2378
1749266967,0.23750000,12502.00000000,0.2378
1749266967,0.23740000,37426.00000000,0.2378
1749266967,0.23730000,25320.00000000,0.2378
1749266967,0.23720000,36791.00000000,0.2378
1749266967,0.23710000,21544.00000000,0.2378
1749266967,0.23700000,4528.00000000,0.2378
1749266967,0.23690000,9510.00000000,0.2378
1749266967,0.23680000,16254.00000000,0.2378
1749266967,0.23670000,7681.00000000,0.2378
1749266967,0.23660000,6174.00000000,0.2378
1749266967,0.23650000,6293.00000000,0.2378
1749266967,0.23640000,5040.00000000,0.2378
1749266967,0.23630000,8816.00000000,0.2378
1749266967,0.23620000,5137.00000000,0.2378
1749266967,0.23610000,14071.00000000,0.2378
1749266967,0.23600000,5871.00000000,0.2378
1749266967,0.23590000,5870.00000000,0.2378
1749266967,0.23580000,3722.00000000,0.2378
1749266967,0.23570000,5838.00000000,0.2378
1749266967,0.23560000,7295.00000000,0.2378
1749266967,0.23550000,5838.00000000,0.2378
1749266967,0.23540000,2796.00000000,0.2378
1749266967,0.23530000,5838.00000000,0.2378
1749266967,0.23520000,7012.00000000,0.2378
1749266967,0.23510000,5838.00000000,0.2378
1749266967,0.23500000,3722.00000000,0.2378
1749266967,0.23490000,5838.00000000,0.2378
1749266967,0.23480000,3514.00000000,0.2378
1749266967,0.23470000,5838.00000000,0.2378
1749266967,0.23460000,3515.00000000,0.2378
1749266967,0.23450000,5862.00000000,0.2378
1749266967,0.23440000,1605.00000000,0.2378
1749266967,0.23430000,6384.00000000,0.2378
1749266967,0.23420000,1606.00000000,0.2378
1749266967,0.23410000,5839.00000000,0.2378
1749266967,0.23400000,76.00000000,0.2378
1749266967,0.23390000,5839.00000000,0.2378
1749266967,0.23380000,16476.00000000,0.2378
1749266967,0.23370000,43.00000000,0.2378
1749266967,0.23360000,43.00000000,0.2378
1749266967,0.23350000,43.00000000,0.2378
1749266967,0.23340000,43.00000000,0.2378
1749266967,0.23330000,43.00000000,0.2378
1749266967,0.23320000,43.00000000,0.2378
1749266967,0.23310000,43.00000000,0.2378
1749266967,0.23300000,223.00000000,0.2378
1749266967,0.23290000,68.00000000,0.2378
1749266967,0.23280000,1995.00000000,0.2378
1749266967,0.23270000,44.00000000,0.2378
1749266967,0.23260000,44.00000000,0.2378
1749266967,0.23250000,44.00000000,0.2378
1749266967,0.23240000,44.00000000,0.2378
1749266967,0.23230000,44.00000000,0.2378
1749266967,0.23220000,44.00000000,0.2378
1749266967,0.23210000,44.00000000,0.2378
1749266967,0.23200000,44.00000000,0.2378
1749266967,0.23190000,172.00000000,0.2378
1749266967,0.23180000,44.00000000,0.2378
1749266967,0.23170000,44.00000000,0.2378
1749266967,0.23160000,44.00000000,0.2378
1749266967,0.23150000,44.00000000,0.2378
1749266967,0.23140000,44.00000000,0.2378
1749266967,0.23130000,68.00000000,0.2378
1749266967,0.23120000,44.00000000,0.2378
1749266967,0.23110000,44.00000000,0.2378
1749266967,0.23100000,44.00000000,0.2378
1749266967,0.23090000,44.00000000,0.2378
1749266967,0.23080000,44.00000000,0.2378
1749266967,0.23070000,199.00000000,0.2378
1749266967,0.23060000,44.00000000,0.2378
1749266967,0.23050000,44.00000000,0.2378
1749266967,0.23040000,44.00000000,0.2378
1749266967,0.23030000,43.00000000,0.2378
1749266967,0.23020000,43.00000000,0.2378
1749266967,0.23010000,105.00000000,0.2378
1749266967,0.23000000,6310.00000000,0.2378
1749266967,0.22960000,24.00000000,0.2378
1749266967,0.22940000,39.00000000,0.2378
1749266967,0.22920000,130.00000000,0.2378
1749266967,0.22910000,55.00000000,0.2378
1749266967,0.22860000,37.00000000,0.2378
1749266967,0.22850000,812.00000000,0.2378
1749266967,0.22840000,4410.00000000,0.2378
1749266967,0.22810000,35.00000000,0.2378
1749266967,0.22800000,24.00000000,0.2378
1749266967,0.22750000,25.00000000,0.2378
1749266967,0.22730000,26.00000000,0.2378
1749266967,0.22710000,128.00000000,0.2378
1749266967,0.22650000,62.00000000,0.2378
1749266967,0.22630000,3998.00000000,0.2378
1749266967,0.22580000,58.00000000,0.2378
1749266967,0.22530000,72.00000000,0.2378
1749266967,0.22500000,2246.00000000,0.2378
1749266967,0.22470000,24.00000000,0.2378
1749266967,0.22460000,55.00000000,0.2378
1749266967,0.22420000,188.00000000,0.2378
1749266967,0.22330000,45.00000000,0.2378
1749266967,0.22310000,73.00000000,0.2378
1749266967,0.22300000,734.00000000,0.2378
1749267269,0.23710000,16970.00000000,0.2371
1749267269,0.23700000,9640.00000000,0.2371
1749267269,0.23690000,34055.00000000,0.2371
1749267269,0.23680000,25290.00000000,0.2371
1749267269,0.23670000,38881.00000000,0.2371
1749267269,0.23660000,6885.00000000,0.2371
1749267269,0.23650000,6293.00000000,0.2371
1749267269,0.23640000,16665.00000000,0.2371
1749267269,0.23630000,9507.00000000,0.2371
1749267269,0.23620000,7208.00000000,0.2371
1749267269,0.23610000,7510.00000000,0.2371
1749267269,0.23600000,4178.00000000,0.2371
1749267269,0.23590000,9765.00000000,0.2371
1749267269,0.23580000,6129.00000000,0.2371
1749267269,0.23570000,14420.00000000,0.2371
1749267269,0.23560000,7295.00000000,0.2371
1749267269,0.23550000,5838.00000000,0.2371
1749267269,0.23540000,2796.00000000,0.2371
1749267269,0.23530000,13829.00000000,0.2371
1749267269,0.23520000,7012.00000000,0.2371
1749267269,0.23510000,5838.00000000,0.2371
1749267269,0.23500000,3722.00000000,0.2371
1749267269,0.23490000,5838.00000000,0.2371
1749267269,0.23480000,1605.00000000,0.2371
1749267269,0.23470000,5838.00000000,0.2371
1749267269,0.23460000,6786.00000000,0.2371
1749267269,0.23450000,5862.00000000,0.2371
1749267269,0.23440000,1605.00000000,0.2371
1749267269,0.23430000,7748.00000000,0.2371
1749267269,0.23420000,1606.00000000,0.2371
1749267269,0.23410000,5839.00000000,0.2371
1749267269,0.23400000,3521.00000000,0.2371
1749267269,0.23390000,5839.00000000,0.2371
1749267269,0.23380000,16476.00000000,0.2371
1749267269,0.23370000,43.00000000,0.2371
1749267269,0.23360000,43.00000000,0.2371
1749267269,0.23350000,43.00000000,0.2371
1749267269,0.23340000,43.00000000,0.2371
1749267269,0.23330000,43.00000000,0.2371
1749267269,0.23320000,43.00000000,0.2371
1749267269,0.23310000,43.00000000,0.2371
1749267269,0.23300000,223.00000000,0.2371
1749267269,0.23290000,1598.00000000,0.2371
1749267269,0.23280000,3525.00000000,0.2371
1749267269,0.23270000,44.00000000,0.2371
1749267269,0.23260000,44.00000000,0.2371
1749267269,0.23250000,44.00000000,0.2371
1749267269,0.23240000,44.00000000,0.2371
1749267269,0.23230000,44.00000000,0.2371
1749267269,0.23220000,44.00000000,0.2371
1749267269,0.23210000,44.00000000,0.2371
1749267269,0.23200000,44.00000000,0.2371
1749267269,0.23190000,172.00000000,0.2371
1749267269,0.23180000,44.00000000,0.2371
1749267269,0.23170000,44.00000000,0.2371
1749267269,0.23160000,44.00000000,0.2371
1749267269,0.23150000,44.00000000,0.2371
1749267269,0.23140000,44.00000000,0.2371
1749267269,0.23130000,68.00000000,0.2371
1749267269,0.23120000,44.00000000,0.2371
1749267269,0.23110000,44.00000000,0.2371
1749267269,0.23100000,44.00000000,0.2371
1749267269,0.23090000,44.00000000,0.2371
1749267269,0.23080000,44.00000000,0.2371
1749267269,0.23070000,199.00000000,0.2371
1749267269,0.23060000,44.00000000,0.2371
1749267269,0.23050000,44.00000000,0.2371
1749267269,0.23040000,44.00000000,0.2371
1749267269,0.23030000,43.00000000,0.2371
1749267269,0.23020000,43.00000000,0.2371
1749267269,0.23010000,105.00000000,0.2371
1749267269,0.23000000,6353.00000000,0.2371
1749267269,0.22990000,43.00000000,0.2371
1749267269,0.22980000,43.00000000,0.2371
1749267269,0.22970000,43.00000000,0.2371
1749267269,0.22960000,67.00000000,0.2371
1749267269,0.22940000,39.00000000,0.2371
1749267269,0.22920000,130.00000000,0.2371
1749267269,0.22910000,55.00000000,0.2371
1749267269,0.22860000,37.00000000,0.2371
1749267269,0.22850000,49.00000000,0.2371
1749267269,0.22810000,799.00000000,0.2371
1749267269,0.22800000,24.00000000,0.2371
1749267269,0.22750000,25.00000000,0.2371
1749267269,0.22730000,26.00000000,0.2371
1749267269,0.22710000,128.00000000,0.2371
1749267269,0.22650000,62.00000000,0.2371
1749267269,0.22630000,3998.00000000,0.2371
1749267269,0.22580000,58.00000000,0.2371
1749267269,0.22530000,72.00000000,0.2371
1749267269,0.22500000,2246.00000000,0.2371
1749267269,0.22470000,24.00000000,0.2371
1749267269,0.22460000,55.00000000,0.2371
1749267269,0.22420000,188.00000000,0.2371
1749267269,0.22330000,45.00000000,0.2371
1749267269,0.22310000,73.00000000,0.2371
1749267269,0.22300000,734.00000000,0.2371
1749267269,0.22250000,23.00000000,0.2371
1749267269,0.22230000,154.00000000,0.2371
1749267269,0.22220000,606.00000000,0.2371
1749267570,0.23750000,2897.00000000,0.2375
1749267570,0.23740000,18661.00000000,0.2375
1749267570,0.23730000,15344.00000000,0.2375
1749267570,0.23720000,24937.00000000,0.2375
1749267570,0.23710000,49968.00000000,0.2375
1749267570,0.23700000,20314.00000000,0.2375
1749267570,0.23690000,11294.00000000,0.2375
1749267570,0.23680000,4178.00000000,0.2375
1749267570,0.23670000,32741.00000000,0.2375
1749267570,0.23660000,4178.00000000,0.2375
1749267570,0.23650000,7298.00000000,0.2375
1749267570,0.23640000,6177.00000000,0.2375
1749267570,0.23630000,8817.00000000,0.2375
1749267570,0.23620000,6180.00000000,0.2375
1749267570,0.23610000,7159.00000000,0.2375
1749267570,0.23600000,4178.00000000,0.2375
1749267570,0.23590000,6814.00000000,0.2375
1749267570,0.23580000,3722.00000000,0.2375
1749267570,0.23570000,20364.00000000,0.2375
1749267570,0.23560000,7295.00000000,0.2375
1749267570,0.23550000,5838.00000000,0.2375
1749267570,0.23540000,2796.00000000,0.2375
1749267570,0.23530000,5838.00000000,0.2375
1749267570,0.23520000,7012.00000000,0.2375
1749267570,0.23510000,5838.00000000,0.2375
1749267570,0.23500000,3722.00000000,0.2375
1749267570,0.23490000,5838.00000000,0.2375
1749267570,0.23480000,1605.00000000,0.2375
1749267570,0.23470000,5838.00000000,0.2375
1749267570,0.23460000,6786.00000000,0.2375
1749267570,0.23450000,5862.00000000,0.2375
1749267570,0.23440000,1605.00000000,0.2375
1749267570,0.23430000,7748.00000000,0.2375
1749267570,0.23420000,1606.00000000,0.2375
1749267570,0.23410000,5839.00000000,0.2375
1749267570,0.23400000,3521.00000000,0.2375
1749267570,0.23390000,5839.00000000,0.2375
1749267570,0.23380000,16476.00000000,0.2375
1749267570,0.23370000,43.00000000,0.2375
1749267570,0.23360000,43.00000000,0.2375
1749267570,0.23350000,43.00000000,0.2375
1749267570,0.23340000,43.00000000,0.2375
1749267570,0.23330000,43.00000000,0.2375
1749267570,0.23320000,43.00000000,0.2375
1749267570,0.23310000,43.00000000,0.2375
1749267570,0.23300000,223.00000000,0.2375
1749267570,0.23290000,68.00000000,0.2375
1749267570,0.23280000,1995.00000000,0.2375
1749267570,0.23270000,44.00000000,0.2375
1749267570,0.23260000,44.00000000,0.2375
1749267570,0.23250000,44.00000000,0.2375
1749267570,0.23240000,44.00000000,0.2375
1749267570,0.23230000,44.00000000,0.2375
1749267570,0.23220000,44.00000000,0.2375
1749267570,0.23210000,44.00000000,0.2375
1749267570,0.23200000,44.00000000,0.2375
1749267570,0.23190000,172.00000000,0.2375
1749267570,0.23180000,44.00000000,0.2375
1749267570,0.23170000,44.00000000,0.2375
1749267570,0.23160000,44.00000000,0.2375
1749267570,0.23150000,44.00000000,0.2375
1749267570,0.23140000,44.00000000,0.2375
1749267570,0.23130000,68.00000000,0.2375
1749267570,0.23120000,44.00000000,0.2375
1749267570,0.23110000,44.00000000,0.2375
1749267570,0.23100000,44.00000000,0.2375
1749267570,0.23090000,44.00000000,0.2375
1749267570,0.23080000,44.00000000,0.2375
1749267570,0.23070000,199.00000000,0.2375
1749267570,0.23060000,44.00000000,0.2375
1749267570,0.23050000,44.00000000,0.2375
1749267570,0.23040000,44.00000000,0.2375
1749267570,0.23030000,43.00000000,0.2375
1749267570,0.23020000,43.00000000,0.2375
1749267570,0.23010000,105.00000000,0.2375
1749267570,0.23000000,6353.00000000,0.2375
1749267570,0.22960000,24.00000000,0.2375
1749267570,0.22940000,39.00000000,0.2375
1749267570,0.22920000,130.00000000,0.2375
1749267570,0.22910000,55.00000000,0.2375
1749267570,0.22860000,37.00000000,0.2375
1749267570,0.22850000,49.00000000,0.2375
1749267570,0.22810000,799.00000000,0.2375
1749267570,0.22800000,24.00000000,0.2375
1749267570,0.22750000,25.00000000,0.2375
1749267570,0.22730000,26.00000000,0.2375
1749267570,0.22710000,128.00000000,0.2375
1749267570,0.22650000,62.00000000,0.2375
1749267570,0.22630000,3998.00000000,0.2375
1749267570,0.22580000,58.00000000,0.2375
1749267570,0.22530000,72.00000000,0.2375
1749267570,0.22500000,2246.00000000,0.2375
1749267570,0.22470000,24.00000000,0.2375
1749267570,0.22460000,55.00000000,0.2375
1749267570,0.22420000,188.00000000,0.2375
1749267570,0.22330000,45.00000000,0.2375
1749267570,0.22310000,73.00000000,0.2375
1749267570,0.22300000,734.00000000,0.2375
1749267570,0.22250000,23.00000000,0.2375
1749267570,0.22230000,199.00000000,0.2375
1749267872,0.23740000,5332.00000000,0.2375
1749267872,0.23730000,27708.00000000,0.2375
1749267872,0.23720000,24406.00000000,0.2375
1749267872,0.23710000,53111.00000000,0.2375
1749267872,0.23700000,26281.00000000,0.2375
1749267872,0.23690000,9064.00000000,0.2375
1749267872,0.23680000,3754.00000000,0.2375
1749267872,0.23670000,18374.00000000,0.2375
1749267872,0.23660000,5751.00000000,0.2375
1749267872,0.23650000,7737.00000000,0.2375
1749267872,0.23640000,4104.00000000,0.2375
1749267872,0.23630000,9335.00000000,0.2375
1749267872,0.23620000,7871.00000000,0.2375
1749267872,0.23610000,5870.00000000,0.2375
1749267872,0.23600000,3754.00000000,0.2375
1749267872,0.23590000,5870.00000000,0.2375
1749267872,0.23580000,3722.00000000,0.2375
1749267872,0.23570000,20364.00000000,0.2375
1749267872,0.23560000,7295.00000000,0.2375
1749267872,0.23550000,5838.00000000,0.2375
1749267872,0.23540000,2796.00000000,0.2375
1749267872,0.23530000,5838.00000000,0.2375
1749267872,0.23520000,7012.00000000,0.2375
